3946 5952
257 411 297 472 28
829 409 1082 471 ANTHOLOGIAE
1105 408 1307 470 PALATINAE

258 537 368 618 ἀγλαίης
383 539 506 600 πνείουσα
517 540 583 624 σοφή
596 540 770 620 περιλείόετοι
782 537 872 614 αἰδὼς,

258 629 376 688 θέσκελον
389 630 550 708 ἀγγέλλουσα
562 631 634 707 γένος
648 634 746 712 χρυσῆς
758 630 917 710 Ἀφροδίτης.

298 717 457 795 Ἥγασόμην
474 718 502 776 δὲ
523 718 659 796 Κρέουσαν
678 717 738 778 θδόιν
762 721 906 796 πενθήμονι
930 721 1035 802 κόσμῳ,

258 802 392 884 σύγγαμον
413 807 519 864 Αἰνείαο
537 806 696 866 κατάσκιον·
712 807 780 886 ἀμφὶ
793 808 843 886 γάρ
858 810 948 875 αὐτοῖς

207 915 244 956 too
257 893 415 973 ἀμφοτέραις
430 893 574 974 κρήδεμνον
586 895 767 972 ἐφελκύσσασα
782 904 917 976 παρειαῖς,

257 981 344 1040 πάντα
359 980 434 1060 πέριξ
450 982 565 1062 ἐκάλυψε
580 983 719 1054 ποδηνεκέῖ
731 984 801 1063 χρόα
815 982 927 1062 πέπλῳ,

257 1059 299 1128 οἷά
313 1092 342 1128 τε
356 1070 548 1148 μυρομένη·τά
564 1070 591 1130 δὲ
605 1071 706 1150 χάλκεα
721 1073 820 1151 δάκρυα
835 1071 937 1154 νύμρης

257 1155 330 1238 Ἄρεϊ
342 1159 509 1238 δουρίκτητον
525 1158 697 1235 ἐμαντεύοντο
707 1159 832 1237 τιθήνην,

257 1240 338 1304 Ἴλιον
349 1244 500 1324 Ἀργείοισιν
513 1245 633 1322 έελμένον
646 1246 827 1315 ἀσπιδιώταις.

204 1347 243 1386 1⁵⁶
298 1332 364 1393 ούθ’
377 1331 488 1401 Ἕλενος
502 1335 598 1393 κοτέων
614 1336 778 1394 ἀπεπαύετο·
793 1335 901 1416 πατρίδι
914 1337 995 1409 νηλής

258 1419 364 1500 ραίνετο
378 1419 484 1479 δινεύων
498 1421 536 1479 ἔτι
547 1444 596 1480 που
609 1423 701 1500 χόλον·
714 1415 745 1494 ήν
761 1421 808 1500 μὲν
824 1424 916 1504 ἀείρων

257 1508 372 1588 δεξιτερῇ
385 1510 480 1590 φιάλην
496 1509 654 1569 ἐπιλοίόιον·
665 1515 700 1576 ὡς
717 1508 800 1569 δοκέω
812 1509 856 1582 δέ,

257 1597 336 1657 istit
352 1598 398 1673 μέν
416 1597 539 1678 Ἀργείοις
554 1599 710 1675 μαντεύετο,
724 1597 803 1658 καδδέ
822 1599 925 1671 τιθήνης

256 1685 395 1753 ἀθανάτοις
409 1689 494 1766 ήρᾶτο
508 1685 661 1746 πανύστατα
677 1685 791 1762 πήματα
803 1687 913 1766 φαίνειν.

205 1792 241 1832 rau
296 1771 464 1854 Ἀνδρομάχη
478 1773 499 1831 δ’
510 1771 605 1846 ἔστηκε
620 1774 774 1854 ροδόσρυρος
785 1773 935 1846 Ἠετιόινη,

257 1859 312 1921 οὔτε
328 1860 388 1937 γόον
403 1862 556 1920 στολάουσα
571 1859 746 1921 πολύστονον·
758 1865 793 1930 ὡς
804 1862 855 1941 γάρ
869 1862 934 1934 ὀίω,

256 1947 329 2008 οὔπω
342 1949 379 2008 ἐνί
389 1950 513 2031 πτολέμῳ
524 1949 691 2029 κορυθαίολος
704 1949 798 2029 ήριπεν
814 1946 934 2029 Ἕκτωρ,

257 2038 314 2098 obit
331 2036 512 2116 ρερεσσακέων
528 2036 683 2118 ὑπερήνορες
696 2031 748 2106 υἷες
763 2039 874 2118 Ἀχαιῶν

257 2125 405 2200 Δαρδανίην
419 2124 557 2202 ξύμπασαν
572 2121 728 2196 ἕληίσσαντο
738 2128 854 2198 τιθήνην.

204 2232 241 2270 rsa
296 2204 349 2272 Ἦν
363 2212 384 2270 δ’
404 2215 496 2271 ἐσιδεῖν
510 2213 643 2273 Μενέλαον
660 2213 768 2294 ἀρήϊον,
780 2217 837 2273 ἀλλ’
848 2213 891 2273 ἐπὶ
904 2214 963 2294 νίκη

256 2301 412 2379 γηθόσυνοι·
428 2301 550 2380 σχεδόθεν
564 2300 615 2382 γάρ
628 2303 754 2361 ἐθάλπετο
767 2301 887 2381 χάρματι
904 2304 994 2384 πολλῷ

255 2389 408 2468 δερκόμενος
419 2389 564 2472 ῥοδόπηχυν
575 2389 708 2469 ὁμόφρονα
718 2389 914 2470 Τυνδορειύνην.

296 2475 456 2554 Ἠγασάμην
471 2476 493 2534 δ’
503 2476 612 2549 Ἑλένης
625 2477 715 2556 ἰρατδν
731 2478 826 2548 τύπον,
837 2476 894 2537 όττι
908 2480 953 2537 καί
963 2481 1034 2560 αὐτῷ

254 2566 348 2645 χαλκῷ
361 2564 458 2642 κόσμον
474 2564 555 2624 ἔδωκε
566 2565 723 2646 πανίμερον·
735 2561 831 2644 ἀγλαΐη
841 2565 892 2646 γάρ

203 2666 241 2706 170
256 2650 332 2710 ἔπνεε
345 2652 439 2732 θερμόν
450 2651 534 2733 ἔρωτα
548 2651 593 2708 καὶ
605 2653 700 2732 ἀψύχῳ
715 2651 752 2710 tat
762 2651 851 2732 τέχνῃ.

1080 542 1191 594 docorem
1201 543 1307 608 spirans,
1318 544 1425 607 prudens
1435 545 1641 596 circumfunditur
1649 545 1735 610 pudor,

1080 632 1190 682 dtrinmn
1202 647 1284 682 aurem
1293 633 1394 683 Veneris
1407 634 1521 684 nuntians
1534 649 1619 698 genus.

1111 725 1141 772 Et
1157 725 1270 772 Canusini
1280 722 1415 772 admiratus
1429 737 1499 785 sum,
1511 729 1665 788 conspectam
1675 726 1744 776 cultu
1754 725 1865 790 lugubri,

1079 813 1163 861 AEuem
1178 811 1318 876 conjugem,
1329 811 1499 862 obumbratam
1511 833 1516 860 :
1527 813 1591 862 circa
1600 814 1664 877 ipsas
1673 815 1737 864 enim

1080 913 1153 963 genas
1166 900 1250 950 ambas
1263 900 1396 951 deduxerat
1409 902 1491 950 volum
1503 905 1527 952 et

1079 999 1151 1037 omne
1161 1000 1249 1052 corpus
1266 987 1542 1053 circumterit-adpetes
1552 989 1659 1041 demisso
1674 993 1758 1056 peplo,

1080 1077 1109 1125 ut
1119 1074 1218 1137 dolens;
1231 1089 1355 1140 arieteque
1366 1076 1475 1127 lacrimas
1484 1077 1595 1128 mulieris

1080 1165 1158 1214 Marte
1169 1166 1330 1229 expugnatam
1338 1164 1535 1217 vaticinabantur
1549 1166 1669 1219 nutricem
1674 1171 1823 1236 (patricinii,

1079 1251 1272 1316 llimnpressum
1290 1254 1425 1318 abtrgiris
1435 1256 1565 1306 scutiferis.

1110 1343 1194 1404 Neque
1203 1344 1314 1392 damnus
1322 1343 1433 1393 cessabat
1444 1343 1475 1393 ab
1485 1343 1520 1394 ira
1528 1364 1534 1392 :
1542 1344 1567 1393 in
1576 1345 1679 1408 patn'am
1689 1347 1865 1397 immisericors

1079 1429 1210 1492 apparebat
1215 1430 1348 1480 etiamnum
1355 1433 1467 1482 volutans
1474 1433 1635 1484 stomachum.
1643 1435 1754 1486 Tollebat
1760 1437 1863 1500 quidem

1079 1515 1176 1566 dextera
1185 1520 1294 1581 pateram
1305 1518 1338 1568 ad
1350 1519 1491 1582 libandum,
1506 1524 1545 1582 et,
1561 1521 1627 1573 sicut
1641 1523 1735 1586 opinor,

1079 1602 1160 1656 fausta
1171 1605 1348 1657 vaticinabatur
1359 1608 1466 1671 Argiuis,
1477 1608 1595 1660 adeamus
1608 1610 1727 1660 nutricem
1742 1625 1799 1662 vero

1079 1693 1224 1755 precabatur
1232 1693 1381 1745 immortales
1394 1699 1423 1745 ut
1433 1700 1555 1760 postrema
1563 1699 1628 1750 mala
1638 1700 1763 1751 atierrcut.

1110 1785 1366 1833 annnouacneautem
1375 1783 1565 1848 roseis-pedibus
1577 1787 1657 1838 stabat
1665 1827 1672 1850 ,
1681 1789 1787 1840 Eetionis
1794 1789 1844 1839 tilia
1855 1831 1862 1848 ,

1079 1869 1357 1934 noustillansquerelam
1363 1873 1731 1938 multum-gementem3utcniru
1739 1879 1862 1942 suspicor,

1078 1957 1187 2008 noudum
1201 1958 1226 2009 in
1240 1958 1303 2010 bello
1315 1961 1425 2024 galeatus
1437 1962 1560 2014 ceciderat
1574 1966 1672 2026 llector,

1077 2059 1123 2096 nec
1132 2049 1287 2098 scutatorum
1297 2049 1396 2113 superbi
1409 2049 1457 2101 tilii
1471 2051 1617 2116 Argivorum

1078 2135 1223 2186 Dardaniam
1231 2138 1309 2186 totam
1318 2137 1520 2201 depraedabantur
1529 2141 1658 2192 nutrirem.

1108 2225 1222 2286 spectare
1231 2226 1329 2287 poteras
1338 2225 1411 2276 etiam
1421 2228 1536 2278 martium
1546 2231 1696 2293 uteremur,
1706 2231 1751 2283 sad
1760 2233 1862 2284 victoria

1077 2311 1162 2362 loetum
1180 2333 1186 2362 ι
1199 2325 1274 2377 prope
1285 2312 1349 2364 enim
1363 2313 1525 2368 incalescebat
1537 2331 1624 2382 magno
1637 2318 1726 2384 gaudia)

1077 2399 1227 2464 conspiciens
1239 2400 1380 2454 unanimam
1395 2404 1556 2467 Tyndaridem
1571 2407 1735 2460 meeis-ulnis.

1109 2489 1249 2542 Admiratus
1263 2504 1319 2542 sum
1333 2494 1431 2544 llelenre
1441 2495 1570 2546 amabilem
1580 2497 1682 2556 sormam
1695 2499 1801 2564 :quiippe
1814 2500 1864 2564 ipsi

1076 2577 1120 2627 τοι-ἰ
1135 2578 1249 2630 decorem
1259 2579 1333 2630 dabat
1346 2579 1581 2634 desideratissimum
1597 2589 1731 2638 :uenustas
1740 2589 1806 2638 euim

1077 2665 1182 2717 calidum
1192 2681 1299 2718 arnorem
1311 2667 1419 2732 spirabat
1431 2670 1505 2722 etiam
1516 2672 1622 2724 inanima
1631 2674 1657 2724 in
1672 2679 1731 2726 arte.

296 2741 413 2806 Πυκναῖς
429 2740 456 2797 δέ
471 2739 644 2819 πραπίδεσσιν
661 2739 789 2818 ἀγάλλετο
808 2743 861 2807 δῖος
881 2741 1031 2812 Ὀδυσσεύς·
1108 2757 1207 2808 callidis
1221 2758 1362 2824 precordiis
1374 2760 1497 2824 gaudebat
1509 2762 1566 2814 dtus
1575 2767 1679 2816 Unrssaa
1696 2787 1702 2816 ι

254 2828 283 2888 οὐ
296 2828 347 2908 γάρ
360 2825 405 2900 έην
421 2828 548 2886 ἀπάνευθε
561 2829 766 2906 πολυστρέπτοιο
780 2834 912 2907 μενοινῆς,

1076 2847 1230 2912 nequeenim
1242 2850 1295 2899 erat
1303 2847 1355 2900 sine
1364 2849 1405 2900 illa
1414 2851 1558 2916 cogitatione
1573 2857 1799 2916 summerersatili,

255 2917 313 2975 ἀλλ’
327 2914 366 2974 ἔτι
380 2915 478 2992 κόσμον
493 2915 582 2995 ἔφαινε
598 2921 679 2996 σοφῆς
696 2915 801 2997 φρενός·
813 2909 845 2989 ήν
864 2920 886 2977 δ’
898 2919 934 2977 ἐνί
955 2925 1029 3000 θυμῷ
1076 2935 1120 2985 sed
1133 2933 1214 2984 adbuc
1223 2934 1299 2985 decus
1310 2937 1460 2988 monstrabat
1469 2938 1549 2989 doctae
1561 2940 1661 2999 mentis;
1671 2944 1695 2990 et
1705 2941 1769 3004 apud
1784 2955 1813 2992 ee

254 3001 427 3082 καγχαλόων·
440 3001 537 3083 Τροίην
552 3001 603 3080 γδιρ
616 3003 705 3080 ἐγήθεε
718 3013 805 3062 πᾶσαν
820 3005 930 3073 ἀλόοσας

1074 3023 1183 3084 ridebat,
1198 3023 1306 3087 gaudens
1316 3023 1429 3076 videlicet
1440 3040 1537 3078 omnem
1548 3041 1575 3078 se
1589 3029 1683 3093 Trojam
1692 3029 1833 3092 perdidisse

202 3105 239 3147 trs
253 3081 298 3169 ᾖσι
313 3090 528 3172 δολοφροσύνῃσῑ.
572 3090 610 3150 Σὺ
635 3091 656 3150 δ’
672 3089 802 3172 Ἕκτορος
823 3093 912 3154 ἔννεπε
931 3097 1024 3174 μῆτερ,
1074 3111 1239 3162 suisastutiis.
1273 3115 1382 3163 Turero
1391 3112 1569 3175 dic,llect0ris
1580 3121 1665 3179 mater,

252 3179 290 3246 τίς
304 3202 349 3252 σε,
362 3178 538 3254 πολυτλήμων
554 3177 657 3250 Ἓκάόη
670 3179 725 3247 ,τίς
740 3181 840 3263 δάκρυα
852 3181 947 3240 λείόειν

253 3267 392 3327 ἀθανάτων
407 3265 520 3336 ἀδίδαξεν
536 3263 665 3348 ἀρωνήτῳ
680 3269 716 3326 ἐνὶ
728 3267 836 3350 κόσμῳ,

1073 3201 1128 3262 quis
1137 3203 1177 3261 te,
1190 3199 1326 3251 miserrima
1339 3204 1458 3265 llacuna,
1470 3202 1526 3266 quis
1540 3204 1713 3256 immortalium

1072 3286 1185 3338 lacrimas
1195 3287 1323 3340 estundere
1335 3289 1420 3340 nocuit
1429 3289 1509 3342 inhac
1516 3296 1586 3343 muta
1599 3293 1718 3359 imagine?

641 3389 1857 3418 ——----—..-..-...-—.....-,

253 3437 286 3482 Ex
299 3433 374 3483 oculis
386 3433 476 3498 pariter
487 3434 566 3499 pudor
579 3443 602 3483 et
616 3433 744 3498 prudentia
760 3441 874 3494 manant,

252 3515 412 3579 Divinumque
426 3515 494 3564 almae
502 3515 604 3563 Veneris
613 3529 685 3580 genua
696 3529 746 3563 esse
757 3513 898 3580 loquuntur.

508 3649 615 3696 xxvii.
634 3650 671 3694 Da
689 3648 788 3696 Creusa.

252 3783 359 3851 Suspicio
373 3782 439 3833 cultu
451 3783 541 3833 luctum
554 3791 656 3832 testante
669 3786 799 3845 Creusam,

253 3873 332 3919 AEnete
345 3865 438 3931 dignam
450 3863 556 3915 thalamo
573 3882 579 3914 ε
592 3866 626 3915 εἰσ
644 3866 733 3916 occulit
745 3882 801 3930 ora,

252 3953 434 4018 Purpureasque
444 3962 515 4012 genas
530 3947 596 3996 tenui
605 3946 651 3996 sibi
661 3948 725 3997 relat
736 3948 825 3998 amictu
835 3985 843 4009 ‚

251 4032 371 4098 Nullaque
385 4030 510 4080 demissam
523 4040 613 4081 vestem
627 4047 682 4097 pars
694 4031 801 4099 corporis
815 4042 881 4083 extra
891 4043 939 4094 est.

251 4119 329 4179 Quam
340 4130 413 4164 scarus
424 4113 494 4162 dolor
506 4117 554 4164 est!
569 4122 670 4180 apparet
689 4112 759 4163 tletus
770 4113 795 4163 in
809 4131 864 4166 ατε.

250 4201 313 4249 Nam
327 4197 400 4264 gemit
414 4196 495 4246 hostili
511 4197 613 4263 patriam
627 4197 672 4246 sub
687 4201 766 4247 Marte
779 4201 855 4249 teneri

251 4281 313 4331 llion
320 4316 333 4365 ,ρ
344 4290 368 4330 et
379 4278 466 4330 Priami
479 4284 573 4329 Danaos
585 4296 629 4346 per
641 4287 704 4330 tecta
719 4281 805 4345 uagari.

491 4419 612 4467 xxvnt.
632 4421 668 4466 Da
687 4416 785 4468 Heleno.

250 4535 385 4587 Priamiden
397 4534 516 4584 Helenum
529 4551 607 4601 neque
618 4553 682 4586 nuno
698 4545 753 4586 trux
765 4537 801 4586 ira
811 4538 941 4605 relinquit3

250 4621 327 4669 ὅσιοι
339 4615 416 4666 adhue
428 4616 511 4682 patrie
522 4626 570 4678 est;
585 4633 615 4665 en
628 4626 654 4666 ut
670 4617 784 4667 libamine
801 4619 896 4684 plenam

250 4706 340 4752 Dentre
353 4707 418 4749 tenet
431 4707 547 4765 pateram.
582 4699 607 4750 Si
620 4699 678 4764 quid
689 4699 750 4750 mihi
759 4702 849 4764 credis,
860 4702 962 4753 Achiuos

249 4784 335 4836 Omine
349 4782 500 4850 prosequitur
511 4781 564 4832 lero
573 4819 581 4846 ,
590 4798 734 4850 superosque
744 4793 862 4851 precatur,

248 4869 318 4932 Sigan
332 4865 451 4915 laboranti
464 4864 521 4914 dent
530 4865 637 4914 exitialia
648 4865 735 4931 Trojae.

460 5003 557 5052 xxrx.
575 5005 612 5049 De
629 4997 807 5052 Andromache.

248 5118 333 5170 alirn
342 5129 366 5169 et
377 5119 545 5170 Andromache
555 5135 637 5186 regum
649 5135 723 5169 nurus
734 5119 849 5183 Bellone,

248 5207 299 5254 Nec
311 5203 369 5266 tlet,
382 5220 426 5256 nec
436 5204 549 5271 gemitum
558 5203 624 5255 ducit
634 5203 663 5256 de
675 5213 770 5272 pectore
784 5220 791 5256 ι
804 5203 925 5264 nondum,

1079 3437 1111 3483 Ut
1123 3449 1188 3495 reor,
1198 3437 1320 3486 AEmouius
1329 3447 1464 3504 raptaverat
1477 3444 1580 3491 Hectora
1591 3459 1689 3506 cumus;

1077 3517 1189 3566 Nondum
1201 3518 1326 3569 Dardanica
1339 3535 1435 3586 campos
1445 3525 1562 3586 vastarat,
1574 3534 1599 3574 et
1611 3525 1684 3576 urbes

1078 3599 1162 3649 Victor
1176 3600 1200 3650 in
1215 3600 1332 3666 Argolicis
1342 3601 1433 3668 lulgeus
1449 3607 1567 3657 exercitus
1585 3609 1665 3660 armis.

1326 3743 1412 3790 XXX.
1431 3747 1468 3791 De
1489 3743 1607 3796 Menelao.

1079 3866 1121 3916 Vis
1133 3867 1204 3918 micat
1217 3869 1242 3919 iu
1252 3871 1321 3922 vultu
1332 3875 1438 3924 Menelai
1452 3877 1555 3938 Martia,
1566 3878 1608 3928 aed
1620 3889 1676 3930 sunt

1077 3951 1169 4002 Gaudia
1180 3953 1254 4004 mixta
1265 3953 1352 4020 simul,
1364 3957 1476 4022 quoniam
1491 3959 1588 4011 victoris
1599 3962 1629 4012 ad
1641 3964 1709 4014 ulnas

1076 4035 1202 4100 Spectatur
1213 4035 1309 4088 reniero
1320 4037 1481 4104 pulcherrima
1490 4044 1650 4108 lyndarione.

1330 4177 1430 4230 xxxt.
1449 4179 1486 4226 De
1503 4177 1602 4229 Helena.

1078 4295 1109 4340 Δι
1122 4291 1193 4341 iacies
1204 4291 1303 4342 lielenre
1317 4309 1372 4342 rere
1383 4293 1513 4358 mirabilis;
1530 4295 1575 4362 ipsi

1075 4378 1183 4442 Namque
1197 4376 1237 4425 eri
1249 4377 1315 4427 dedit
1324 4378 1366 4428 illa
1381 4378 1466 4441 decus;
1476 4389 1609 4446 naturaque
1622 4382 1647 4432 in
1659 4393 1709 4434 arte
1721 4394 1773 4449 est,

1076 4461 1104 4506 Et
1119 4457 1187 4508 labor
1201 4458 1318 4534 exanimis
1328 4458 1453 4525 flagrantes
1464 4462 1538 4530 spirat
1546 4479 1647 4514 amores.

1248 4600 1360 4650 XXXII.
1379 4603 1416 4648 De
1434 4598 1516 4664 Ulysse
1532 4611 1555 4649 et
1572 4601 1678 4654 Hecrrbc.

1074 4715 1220 4781 Multiplices
1234 4716 1296 4767 inter
1310 4734 1377 4769 curas
1394 4722 1496 4770 exsultat
1511 4723 1620 4788 Ulysses,

1037 4793 1039 4800 ’
1074 4797 1171 4850 Consilii
1181 4816 1267 4851 vacuus
1278 4817 1426 4867 numquam:
1442 4821 1467 4853 τε
1481 4807 1631 4857 monstratio
1646 4824 1688 4857 ore

1073 4881 1183 4946 Majestm
1193 4881 1267 4932 animi
1280 4899 1287 4934 ε
1302 4883 1419 4934 taciturno
1431 4895 1528 4951 pectore
1540 4888 1606 4938 leros

1073 4962 1144 5012 llidet
1158 4962 1250 5024 adbuc,
1263 4965 1368 5030 Trojana
1379 4968 1427 5016 suis
1436 4967 1547 5018 cecidisse
1561 4969 1712 5036 triumphans

1072 5045 1162 5095 Moenia
1174 5056 1238 5097 easta
1254 5047 1324 5099 dolis.
1358 5050 1404 5100 Sed
1417 5060 1453 5112 te,
1467 5053 1614 5103 mcestissima
1626 5063 1703 5104 mater

1073 5127 1197 5190 Hectoris,
1211 5127 1235 5177 in
1246 5140 1312 5180 muta
1321 5147 1375 5180 cum
1387 5141 1433 5181 stes
1448 5134 1574 5197 spectanda
1586 5135 1676 5199 ligura.

1074 5211 1135 5274 Quis
1147 5214 1266 5279 Superdm
1277 5213 1356 5266 docuit
1369 5224 1447 5267 tantos
1461 5217 1570 5268 emittere
1582 5217 1669 5269 fletus?
