3968 5948
521 431 645 492 CAPUT
666 433 713 494 Vl.
737 432 1017 496 EPIGRAMMATA
1042 435 1307 498 DEDIGATORIA.

333 571 399 622 336.
421 562 652 623 ΘΕΟΚΡΙΤΟΥ.

109 696 149 756 Τά
161 694 221 774 ῥόδα
231 691 264 752 rh
279 691 432 771 δροσόεντα,
443 690 489 750 καὶ
501 691 518 748 d
531 693 696 761 κατάπυκνος
712 692 797 770 ἐκείνα

144 782 269 862 έρπυλλος
281 781 366 840 κεῖται
378 789 434 847 ταῖς
445 778 639 842 Ἑλικωνιάσιν·

111 871 149 930 ml
161 871 185 928 δέ
198 869 381 950 μελάμρυλλοι
394 867 488 949 δάρναι
499 867 548 943 τίν,
562 869 644 929 Πύθιε
658 869 757 941 Παιάν,

146 958 236 1038 helcio
253 957 309 1016 ἐπεὶ
326 956 410 1038 πέτρα
426 955 504 1016 τοῦτό
518 979 558 1016 τοι
578 956 714 1035 άγλάῖπεν.

112 1046 199 1122 rapto
210 1046 232 1104 d’
244 1043 350 1121 αἱμάξει
362 1043 454 1124 κιραδς
466 1044 559 1123 τράγος
572 1036 644 1113 circe
655 1050 669 1105 θ
682 1051 777 1124 μᾶλος,

146 1133 278 1212 τερμίνθου
293 1131 400 1212 τρώγων
416 1131 527 1212 ἔσχατον
542 1133 681 1212 άκρεμόνκ.

362 1266 425 1317 337.
442 1269 500 1315 ΤΟΥ
521 1271 626 1316 ΑΥΤΟΥ.

108 1377 188 1444 Ἦλθε
202 1384 248 1444 καλ
262 1387 286 1452 ἐς
301 1383 418 1446 Μίλατον
433 1389 448 1444 θ
461 1389 499 1444 τῶ
516 1387 647 1458 Παιήονός
656 1386 726 1462 υῖδς,

143 1474 231 1550 ἰητῆρι
244 1472 327 1531 νότων
343 1471 418 1553 άνδρλ
429 1471 622 1554 συνοισόμενος,

108 1557 183 1636 Νικίᾳ
190 1601 200 1632 ,
211 1558 241 1625 te
251 1581 297 1635 μιν
312 1559 353 1620 ἐπ’
365 1549 438 1640 άμαρ
451 1549 491 1619 clei
504 1560 618 1621 θυέεσσιν
629 1563 756 1641 ἱκνεῖται,

142 1647 185 1704 καί
197 1645 253 1705 τόδ’
267 1648 313 1704 ἀπ’
325 1645 435 1715 εὐώδους
449 1647 562 1731 γλόψατ’
573 1648 681 1728 όγαλμα
696 1651 802 1732 κέδρου,

107 1733 223 1796 Ἠετίωνι
233 1734 315 1816 χάριν
329 1737 463 1818 γλαφυρᾶς
474 1737 550 1816 χερδς
565 1736 644 1819 άκρον
659 1740 774 1807 ὑποστάς

144 1822 240 1902 μισθόν·
254 1827 268 1883 θ
281 1824 305 1882 δ’
316 1827 351 1891 εἷς
367 1823 441 1905 ἔργον
453 1836 541 1885 πᾶσαν
555 1831 638 1908 ἀρῆκε
653 1827 761 1908 τέχναν.

362 1961 424 2015 338.
443 1965 501 2010 ΤΟΥ
516 1965 623 2012 ΑΥΤΟΥ.

107 2080 181 2158 Ὑμῖν
195 2086 287 2154 τοῦτο,
297 2081 381 2156 Occi,
392 2082 581 2162 κεχαρισμένος
596 2081 687 2142 άνθετο
701 2082 798 2150 πάσαις

142 2166 271 2247 τῶγαλμα
283 2169 417 2242 Ξενοκλῆς
429 2175 505 2229 τοῦτο
518 2168 549 2228 τδ
564 2169 739 2250 μαρμάρινον,

107 2262 233 2340 μουσικός·
243 2264 292 2342 οὐχ
304 2262 396 2342 ἑτέρως
409 2286 448 2330 τις
465 2264 526 2343 ἐρεῖ·
542 2263 621 2346 copie
636 2265 659 2323 δ’
673 2264 716 2324 ἐπὶ
730 2267 791 2346 τᾷδε

143 2342 210 2410 αἶνον
225 2348 314 2430 έχων,
333 2349 459 2410 Μουσέων
479 2352 526 2410 οὐκ
538 2350 747 2412 ἐπιλανθάνεται.

349 2487 409 2537 339.
430 2489 489 2534 ΤΟΥ
507 2489 616 2537 ΑΥΤΟΥ.

103 2597 259 2676 Δαμομένης
273 2601 288 2656 θ
301 2597 429 2677 χοραγὸς,
442 2601 456 2656 θ
468 2597 511 2656 τδν
523 2596 635 2676 τρίποδ’,
648 2587 669 2656 ιθ
682 2598 806 2673 Διόνυσε,

139 2687 184 2746 καί
199 2685 228 2745 cl
237 2686 283 2746 τδν
297 2684 400 2744 ἅδιστον
412 2687 476 2744 θεῶν
490 2683 617 2764 μακάρων
637 2687 760 2764 ἀναθείς,

103 2771 204 2852 μέτριος
217 2765 250 2847 ἦν
260 2775 287 2832 ἐν
300 2781 383 2852 πᾶσι,
399 2776 471 2854 χορῷ
488 2774 510 2831 δ’
526 2773 655 2845 ἐκτήσατο
668 2773 743 2835 νίκαν

141 2864 256 2942 ἀνδρῶν,
270 2861 315 2922 καλ
328 2862 357 2920 τὸ
369 2863 449 2921 καλὸν
463 2862 508 2921 καλ
522 2862 552 2921 τδ
567 2867 697 2942 προσῆκον
710 2867 788 2945 δρῶν.

349 3000 410 3050 340.
431 3001 491 3047 ΤΟΥ
509 3000 616 3050 ΑΥΤΟΥ.

100 3113 130 3175 ‘h
147 3114 252 3194 Κύπρις
265 3117 294 3174 ori
308 3114 452 3192 πάνδαμος·
462 3114 570 3175 licimo
584 3115 631 3175 τδν
644 3116 715 3190 θεθν,
731 3114 811 3176 είπδιν

138 3203 286 3282 Οὐρανίαν,
303 3202 383 3279 ἁγνᾶς
395 3204 493 3282 άνθιμα
508 3201 676 3283 Χρυσογόνας

101 3290 162 3372 nixu
175 3294 203 3350 ἐν
221 3290 406 3372 Ἇμρικλίους,
417 3282 439 3372 ᾧ
452 3291 497 3350 καὶ
510 3289 588 3349 τέκνα
605 3291 650 3350 καλ
667 3290 722 3371 βίον
738 3289 800 3372 ἔσχε

139 3379 225 3460 ξυνόν,
243 3379 285 3439 del
298 3378 326 3440 δέ
337 3403 397 3460 σριν
408 3379 487 3439 λόιῖον
500 3380 533 3445 εἷς
545 3378 600 3448 ἔτος
611 3371 643 3452 ἦν

101 3471 128 3526 ἐκ
140 3468 214 3528 σέθεν
228 3470 399 3549 ἀρχομένοις,
413 3456 434 3525 ὦ
447 3471 548 3527 πότνια·
564 3468 704 3545 κηδόμενοι
717 3467 767 3548 γδιρ

138 3556 278 3616 ἀθανάτων
291 3556 365 3617 αθτολ
378 3559 468 3616 πλεῖον
483 3557 572 3636 ἔχουσι
585 3557 681 3638 βροτοί.

295 3730 354 3777 336.
373 3743 505 3777 ταιοεειτι
522 3743 680 3778 παιποεκιετ.
788 3765 790 3770 ,

98 3837 236 3902 Serppllum
248 3835 328 3884 densis
342 3834 403 3885 soliis
414 3835 512 3900 insigne,
525 3847 632 3901 rosaeque

129 3923 266 3974 Rorantee,
280 3917 357 3967 Musis
367 3925 438 3967 sunto
448 3917 527 3967 dicuin
536 3933 633 3968 norem.

98 4001 245 4051 Altioomam
258 4001 362 4064 laurum,
378 3999 485 4050 celebrat
499 4016 571 4066 quam
583 3999 701 4067 Delphica
713 4016 794 4068 rupes,

131 4084 223 4150 Accipe
231 4091 360 4146 ramnum,
373 4081 458 4150 Pythie
472 4080 577 4143 Phoehe,
592 4081 646 4135 tihi.

99 4170 131 4214 At
149 4181 223 4232 ceper
235 4165 286 4227 hic,
300 4165 341 4232 qni
359 4180 423 4215 nunc
432 4163 565 4216 terebinthi
574 4163 675 4216 brachia
689 4165 782 4216 mordet

132 4249 237 4313 l'ltima,
250 4265 307 4300 mcx
319 4265 372 4299 aras
386 4248 478 4299 imbuet
488 4249 530 4299 ille
543 4257 602 4300 tuas.

408 4358 465 4419 337.
483 4372 592 4404 uurnrrc

291 4446 369 4510 aliud,
381 4448 405 4498 in
417 4457 522 4498 statuam
539 4447 680 4517 AEsculapii.

99 4539 178 4588 venit
191 4539 312 4591 leonides
328 4541 399 4591 ctiam
412 4540 524 4603 Mileton,
535 4550 562 4591 nt
572 4550 633 4591 esset

134 4625 197 4673 Cum
208 4625 312 4689 medico,
327 4625 395 4691 cujus
403 4625 472 4676 Nicia
484 4641 573 4676 nomen
585 4635 646 4676 crat.
696 4667 697 4670 ,

99 4703 146 4754 lile
160 4705 230 4756 deum
241 4707 330 4757 sanctis
344 4715 469 4756 veneratus
483 4705 607 4769 odoribus,
617 4705 685 4756 istum

133 4787 242 4846 Addidit,
257 4805 286 4838 ex
302 4789 439 4854 cedroque
450 4789 522 4851 nitet,
536 4787 654 4852 effigiem

99 4868 225 4921 Pollicitus
238 4871 343 4938 pretium
352 4872 417 4938 quod
425 4887 544 4922 summum
555 4878 608 4921 erat
621 4869 735 4931 Helleni,

134 4951 209 5018 Cujus
221 4952 246 5003 in
257 4954 305 5005 hoc
315 4970 355 5004 crs
368 4970 394 5004 se
406 4961 457 5006 tota
467 4952 574 5022 proludit
583 4969 652 5020 opus.

398 5065 455 5112 338.
475 5079 584 5112 ιιοεσιεε

276 5153 352 5216 aliud,
368 5154 392 5204 in
403 5153 553 5205 simulacrum
570 5158 702 5203 Musarum.

101 5243 177 5294 lianc
188 5245 251 5298 robis
259 5249 382 5300 Xenocles
393 5257 495 5299 statuam
508 5249 538 5298 de
551 5262 669 5297 marmore
684 5259 744 5312 puro

900 575 904 694 γ
1190 589 1244 636 aas.
1261 585 1440 637 rimorum.

901 705 904 812 γ
927 716 998 765 Βοεαε
1009 714 1056 766 illos
1069 714 1172 766 roscidae
1187 719 1213 768 et
1226 716 1330 767 densum
1341 717 1403 770 illud

901 832 904 928 γ
958 803 1091 867 serpyllum
1105 802 1289 855 dedicato-sunt
1300 804 1498 885 Heliconiudibuc
1507 805 1618 872 (Μυκη,

927 891 972 942 sed
984 891 1124 958 lolio-nigro
1131 891 1196 943 lauri
1207 891 1252 942 tibi
1262 931 1268 956 ‚
1278 905 1294 942 o
1304 893 1390 956 Pythie
1404 895 1490 958 Peon,

958 979 1076 1044 Delphica
1086 979 1202 1044 quoniam
1216 993 1292 1044 rupee
1301 978 1421 1032 iihihunc
1430 978 1661 1048 murem-prunus.

927 1071 1000 1118 Aram
1015 1070 1098 1119 nutem
1111 1066 1330 1132 sanguiue-imbuet
1341 1071 1461 1120 cornutus
1471 1069 1556 1121 hircus
1567 1068 1614 1121 iste
1626 1069 1707 1130 albus,

958 1153 1088 1204 terebinthi
1101 1154 1190 1206 rodens
1202 1157 1340 1207 extremum
1354 1169 1459 1211 ramum

1207 1283 1261 1330 337.
1285 1291 1434 1337 RJUSDBM·

928 1401 1001 1452 Venit
1013 1400 1087 1452 etiam
1101 1401 1212 1453 Miletum
1227 1403 1320 1454 Pennis
1331 1403 1398 1454 lilius
1408 1403 1596 1470 (esculapius)

958 1488 1125 1541 eum-medion
1135 1489 1279 1542 morborum
1292 1492 1345 1542 viro
1357 1495 1561 1557 conversaturus,

927 1576 1006 1638 Nicia,
1019 1577 1063 1641 qui
1076 1591 1135 1628 cum
1149 1577 1175 1628 in
1186 1577 1251 1629 diem
1262 1592 1359 1644 semper
1369 1580 1494 1632 sacrificiis
1503 1580 1568 1643 adit,

959 1666 983 1715 et
991 1663 1039 1714 hoc
1048 1677 1076 1715 ex
1088 1664 1163 1716 odora
1173 1665 1357 1730 sculpicnrarit
1367 1667 1526 1720 simulacrum
1536 1668 1622 1731 cedro,

928 1752 1020 1803 Eetioni
1032 1753 1100 1804 scite
1112 1766 1200 1805 murus
1213 1755 1291 1819 gratia
1305 1767 1431 1806 summum
1444 1756 1569 1822 pollicitus

958 1839 1264 1903 premium31sautemad
1275 1855 1339 1907 opus
1349 1857 1447 1896 omnem
1455 1845 1558 1898 contulit
1567 1847 1646 1898 artem

1204 1977 1258 2024 338.
1281 1984 1427 2030 BJUSDRH.

901 2117 903 2138 ι
928 2093 1003 2145 vobis
1016 2094 1075 2158 hoc,
1089 2098 1161 2158 Dea,
1170 2098 1253 2162 gratm
1268 2098 1350 2161 posuit
1362 2099 1476 2150 omnihus

958 2182 1117 2233 simulacrum
1130 2184 1247 2235 Xenocles
1261 2184 1308 2234 hoc
1321 2198 1497 2250 marmoreum,
1618 2188 1709 2254 [ritiam

927 2269 1050 2332 musicum
1061 2283 1111 2321 non
1123 2271 1193 2322 aliter
1206 2271 1336 2336 qnisquam
1346 2273 1429 2324 dioelz
1440 2288 1469 2326 ac
1482 2277 1580 2340 propter
1591 2275 1655 2328 hanc
1664 2291 1706 2342 pc·

958 2358 1057 2409 laudem
1067 2358 1176 2422 hahens,
1191 2362 1319 2411 Musarum
1332 2373 1381 2412 non
1394 2361 1558 2415 obliviscitur.

1204 2493 1259 2540 339.
1283 2499 1431 2544 ΕΤΟΟΟΒΙ.

928 2611 1089 2661 Dunomenes
1103 2608 1232 2673 choraeus,
1244 2609 1289 2674 qul
1301 2611 1431 2676 tripodem,
1445 2627 1461 2665 o
1473 2614 1582 2678 Bacche,

959 2700 984 2749 et
995 2701 1029 2760 te,
1040 2696 1216 2748 suavissimum
1226 2697 1330 2750 deorum
1342 2699 1526 2764 immortalium,
1536 2702 1628 2766 poculi,
1639 2702 1708 2767 [rinc

926 2785 1054 2838 modestus
1067 2789 1120 2837 erat
1132 2784 1196 2836 inter
1209 2799 1307 2850 omncs,
1325 2789 1369 2840 sed
1382 2789 1407 2840 in
1424 2789 1499 2842 choro
1510 2790 1621 2842 virorum
1635 2791 1711 2843 ricto

900 2841 904 2978 Ι
959 2876 1113 2935 nactus-est,
1126 2873 1242 2925 simulet
1254 2874 1386 2939 pulchrum
1399 2879 1424 2929 et
1432 2877 1550 2930 decorum
1560 2882 1682 2943 spectans.

901 3021 904 3108 γ
1193 3011 1250 3058 tio.
1274 3013 1427 3057 erusnnnr.

901 3117 903 3193 ξ
928 3129 988 3177 llaec
999 3129 1083 3178 venus
1092 3141 1142 3178 non
1151 3132 1189 3179 est
1202 3129 1331 3193 volgivago
1342 3127 1428 3191 zplaca
1439 3125 1520 3187 dcam,
1535 3136 1626 3174 vocans

901 3226 903 3275 ς
958 3215 1104 3275 cmtmtem,
1118 3219 1194 3266 ceste
1206 3215 1336 3267 donarium
1347 3212 1512 3278 Chrysogonus

901 3282 903 3356 l
926 3302 951 3352 u
966 3302 1187 3367 camaracum,
1199 3304 1346 3369 quocumet
1358 3301 1448 3353 noeros
1459 3301 1485 3351 c
1499 3297 1674 3350 cummim

900 3386 903 3466 γ
957 3403 1127 3452 communem
1143 3405 1239 3456 semper
1248 3391 1332 3442 autem
1346 3388 1378 3442 ils
1390 3387 1480 3440 melius
1489 3387 1514 3438 in
1526 3400 1618 3438 annum
1631 3388 1684 3437 erat

900 3518 903 3560 l
926 3477 1005 3529 abste
1016 3480 1214 3544 auspicantibus,
1231 3494 1247 3531 ο
1262 3478 1401 3531 venerande
1415 3492 1423 3523 ι
1439 3475 1646 3543 namqnicurant

900 3591 903 3596 >
958 3580 1067 3630 superos,
1078 3567 1124 3632 lpei
1134 3581 1234 3633 quoquc
1250 3569 1307 3632 plus
1319 3566 1411 3618 hahent
1420 3565 1544 3618 mortales.
1629 3595 1632 3601 ·

964 3730 1076 3788 Dedicat,
1094 3730 1206 3788 Aonides,
1223 3730 1295 3782 turbe
1309 3745 1411 3786 novena,
1424 3734 1490 3786 Dee,

929 3812 1032 3861 Musicus
1044 3828 1051 3862 ε
1064 3812 1128 3863 haud
1140 3812 1265 3879 quisquam
1276 3823 1344 3877 negat
1355 3811 1410 3862 hoc.
1424 3811 1469 3862 Cui
1478 3819 1548 3877 parta
1561 3809 1668 3861 canendo

961 3898 1046 3950 Fama,
1063 3897 1229 3946 Ccmoennrum
1244 3910 1287 3962 par
1304 3893 1439 3944 meminisse
1450 3892 1508 3944 luit.

1221 4020 1276 4082 339.
1300 4035 1408 4066 ιιυευιει

1284 4126 1358 4180 aliud.

929 4237 1032 4287 Praehuit
1044 4237 1089 4288 iste
1101 4237 1187 4288 choros
1196 4235 1363 4304 tripodemque
1377 4252 1408 4286 ex
1420 4250 1468 4286 cere
1480 4233 1584 4285 sacrarit

962 4320 1107 4378 Damoteles,
1123 4319 1217 4370 dulcem
1232 4328 1311 4385 teque,
1324 4323 1403 4385 Lyce,
1416 4318 1497 4378 deum,

930 4403 1009 4454 Gumis
1021 4403 1094 4454 homo
1108 4404 1204 4470 pueris;
1217 4419 1303 4469 gneum
1314 4411 1422 4471 spectare
1431 4402 1519 4451 decore

962 4491 992 4537 Et
1002 4486 1120 4554 speciosa,
1132 4486 1202 4538 chori
1214 4486 1271 4537 vicit
1285 4485 1378 4536 honore
1390 4485 1466 4537 viros.

1217 4599 1274 4654 340.
1300 4611 1409 4644 ursone

1102 4714 1126 4763 in
1141 4711 1292 4763 simulacrum
1305 4711 1402 4760 Veneris
1418 4708 1536 4760 Coelcstis.

931 4828 986 4878 Non
996 4826 1047 4876 luec
1057 4826 1179 4892 volgivaga
1191 4835 1227 4874 est
1238 4842 1245 4876 τ
1257 4825 1383 4876 ΟοεΙεείεια
1394 4822 1476 4871 dicere
1486 4820 1520 4870 irs
1535 4829 1570 4870 est

964 4914 1032 4960 llenc
1043 4912 1171 4964 Venerem,
1181 4907 1259 4974 posuit
1268 4921 1340 4974 qum
1353 4905 1416 4956 hona
1428 4903 1580 4972 Chrysogono

931 4992 1064 5058 Amphiclis
1077 4991 1102 5040 in
1115 4991 1217 5053 laribus,
1234 4989 1370 5041 communia
1381 4989 1491 5056 pignora,
1507 4987 1627 5054 queiscum

964 5080 1006 5126 Est
1019 5076 1066 5126 vita
1080 5078 1104 5128 in
1117 5076 1201 5125 melius
1213 5084 1321 5142 tempore
1333 5073 1494 5141 progrediens,

931 5163 996 5208 Dum
1007 5157 1052 5208 tibi
1062 5158 1179 5224 primitias
1190 5157 1248 5207 dant
1257 5171 1346 5214 rerum,
1359 5155 1432 5216 Dira,
1444 5168 1539 5203 suarum
1553 5167 1560 5202 ε

965 5240 1021 5291 Plus
1032 5239 1128 5297 etenim,
1143 5255 1241 5306 superos
1255 5237 1297 5303 qui
1310 5243 1465 5297 venerantur,
1479 5233 1579 5284 hahent.
