3938 5950
467 397 476 402 '
515 413 638 474 curun·
658 417 721 474 ιιι.
748 415 1022 479 antonomum
1046 421 1318 482 rorulentum.

413 548 472 598 139.
492 551 587 598 λιλλΟ.

105 671 219 754 Ἕκτορι
233 671 280 750 μέν
295 676 320 734 T
322 673 377 753 ροέη
391 673 577 750 συγνᾶτθανεν,
593 676 646 732 οὐδ’
660 675 699 733 ἔτι
708 686 799 756 χεῖρας

148 765 257 840 δντῆρεν
271 765 381 821 Δαναῶν
394 762 483 820 παισὶν
495 761 685 840 ἐπερχομένοις·

108 852 200 910 Πέλλα
214 852 237 908 δ’
253 849 411 930 Ἀλεξάνδρῳ
423 849 599 911 συναπώλετο.
614 851 741 930 Πατρίδες
759 843 809 932 δρα

150 937 286 1016 ἀνδράσιν,
301 940 329 996 οὗ
344 937 456 1016 πέτραις
468 935 557 1012 ἄνδρες
573 938 753 1014 ἀγαλλόμεθα,

384 1087 446 1136 lto.
469 1078 620 1136 lt‘xlol.

111 1215 164 1274 Καὶ
178 1214 284 1292 γενέταν
297 1218 342 1272 τοῦ
355 1211 427 1292 νέρθε
445 1213 492 1272 καλ
503 1213 600 1291 οὔνομα
614 1215 656 1272 xai
669 1215 751 1294 χθόνα
763 1215 851 1295 φώνει,

150 1304 249 1374 ertia,
264 1303 308 1360 καὶ
320 1303 383 1382 ποία
396 1303 457 1380 κηρὶ
472 1303 562 1377 δαμεὶς
578 1302 659 1361 ἔθανε.
672 1336 712 1348 -

109 1391 118 1410 '
134 1387 232 1468 Πατλρ
247 1389 293 1466 μέν
309 1388 445 1468 Πρίαμος,
462 1399 497 1466 γᾶ
516 1391 539 1447 δ’
552 1389 651 1466 Ἴλιον,
665 1391 761 1467 οὔνομα
778 1394 801 1450 δ’
813 1391 888 1452 Ἕκ-

147 1467 225 1558 ώνερ,
235 1475 299 1556 ὑπὲρ
314 1476 413 1556 πέτρας
428 1480 450 1534 δ’
463 1476 546 1536 ὤλετο
561 1477 734 1558 μαρνάμενος.
810 1482 887 1559 [stop²

231 1625 297 1674 ttl.
321 1615 531 1675 nnTtulnot’
551 1617 776 1678 utznnllor.

109 1753 228 1814 θεσσαλέ
243 1755 426 1832 Πρωτεσιλαε,
439 1752 468 1814 σὲ
480 1754 527 1830 μέν
543 1753 623 1821 πολὺς
634 1754 727 1836 ᾄσεται
742 1756 816 1832 αἰὼν,

146 1841 229 1922 Τροίᾳ
243 1841 410 1923 ὀρειλομένοο
424 1840 563 1917 πτώματος
584 1842 735 1920 ἀρξάμενον·

109 1934 181 2007 σῆμα
192 1930 220 1988 δέ
233 1951 273 1988 τοι
287 1929 410 2008 τετελέῃσι
424 1930 560 2010 συνηρεφὲς
574 1933 750 2012 ἀμρικομεδσι

150 2019 275 2098 Νθμραε,
292 2017 474 2096 σἰπεχθομένης
483 2018 562 2078 Ἰλίου
575 2019 722 2098 ἀντιπέρας·

110 2106 200 2184 δένδρα
211 2105 237 2166 δέ
252 2104 410 2181 δυσμήνιτα,
425 2107 470 2165 καλ
482 2105 513 2178 ἢν
525 2105 584 2165 ποτὶ
598 2107 682 2185 τεῖχος
693 2106 767 2166 ἴδωσι

148 2194 268 2272 Τρώίον,
282 2192 394 2254 αὖαλέαν
407 2196 598 2273 ρυλλαχοεῧντα
613 2194 707 2272 κόμην,

111 2281 183 2348 ὅσσος
195 2283 222 2339 έν
236 2281 349 2361 ἡρώεσσι
362 2281 417 2339 τότ’
436 2273 468 2352 ἦν
482 2283 572 2360 χόλος,
585 2284 598 2316 ⁸
609 2287 638 2343 οὗ
654 2283 730 2364 μέρος
741 2283 826 2361 αἰκμὴν

150 2369 241 2447 ἐχθρὸν
257 2372 282 2428 έν
297 2368 408 2448 ἆθθχοες
422 2369 533 2438 σώζεται
548 2373 698 2450 δερεμόσιν.

391 2513 451 2562 tlt.
471 2515 608 2563 aaaron.

113 2636 218 2712 Τύμδος
230 2635 364 2716 Ἀχιλλῆος
379 2637 532 2718 ῥηξήνορος,
548 2638 575 2697 tv
591 2642 650 2698 rror'
665 2639 765 2718 Ἀχαιοὶ

151 2725 293 2800 δώμησαν,
307 2723 407 2804 Τρώων
422 2727 499 2800 δεῖμα
511 2727 554 2784 καὶ
571 2727 727 2804 ἑσσαμένων·

114 2814 223 2890 αἰγιαλῷ
235 2811 262 2869 δέ
276 2809 401 2884 νένευκεν,
415 2809 458 2870 θνα
470 2817 612 2890 στοναχῇσι
627 2815 758 2887 θαλάσσης

150 2898 298 2958 κοδαθνοετσ
306 2897 367 2965 πάϊς
379 2902 425 2970 τῆς
436 2898 510 2966 ἁλέας
521 2899 638 2967 Θέτιδος.

394 3049 454 3099 143.
474 3050 611 3099 touton.

114 3171 202 3249 Ἄνδρα
214 3171 267 3230 δέω
277 3172 394 3253 φιλότητι
408 3173 452 3230 καλ
464 3175 491 3230 έν
506 3175 640 3253 τεύχεσσιν
656 3175 769 3254 ἀρίστω,

151 3257 285 3338 χαίρετον,
300 3259 411 3332 Attalea
422 3304 431 3336 ,
444 3261 489 3319 καὶ
500 3260 544 3335 σὺ,
560 3263 726 3334 Μενοιτιάδη.

361 3402 420 3452 tat.
439 3369 634 3454 aunsuorou.

116 3525 245 3596 Ἡδυεπὴς
259 3526 368 3608 Νέστωρ
380 3529 478 3595 Πύλεος
490 3530 605 3602 Νηλήϊος
618 3529 686 3608 ἥρως

153 3615 179 3670 ἐν
194 3615 278 3693 Πύλῳ
292 3615 391 3695 ἠγαθέῃ
405 3615 502 3692 τθμδον
516 3616 570 3697 ἔχει
584 3619 717 3697 τριγέρων.

1654 431 1714 491 tea

1235 572 1284 618 ¹39.
1307 579 1414 625 ALlUD.

933 688 1036 736 Hectori
1049 687 1147 751 quirlom
1159 689 1229 750 Troia
1239 695 1452 754 commortua-est,
1464 706 1507 744 nec
1515 693 1566 754 jam
1580 707 1595 742 n
1605 708 1666 744 onrrs

965 775 1191 826 sustolltatlrersus
1204 780 1345 826 Groecorum
1359 791 1449 841 pueros
1462 778 1615 838 invadentem

934 863 958 911 el
967 862 1164 918 Pellaeum-eum
1174 864 1306 914 alexandro
1319 865 1397 927 perlit.
1411 866 1498 914 l’atrim
1507 866 1580 930 ipitur

965 951 1032 1013 viris,
1042 966 1089 1002 non
1100 953 1224 1016 patriabus
1233 954 1279 1002 riri
1288 953 1440 1006 honestamur

1220 1091 1271 1138 tio,
1287 1089 1420 1138 AllclllAE.

933 1221 1216 1284 mammaemammal,
1228 1225 1359 1284 elnonem,
1374 1223 1570 1284 altemanius,

965 1307 1042 1370 oippe‚
1057 1309 1082 1356 el
1094 1307 1160 1369 quali
1173 1307 1223 1356 lato
1235 1307 1342 1357 domitus
1350 1309 1447 1358 interiit.
1458 1337 1487 1348 -

933 1397 1004 1445 l’ater
1011 1393 1109 1457 quidem
1116 1393 1235 1454 Priamus,
1242 1395 1313 1444 tellus
1322 1407 1381 1444 roro
1389 1397 1457 1458 llion,
1466 1410 1601 1462 nomenque
1610 1400 1704 1468 Hector,

963 1498 978 1532 o
991 1483 1041 1543 vir,
1052 1486 1077 1532 et
1088 1495 1134 1546 pro
1144 1481 1222 1545 patria
1232 1482 1320 1532 cecidit
1334 1482 1468 1535 decertans.

1123 1625 1174 1672 tlt.
1187 1625 1345 1674 tumulltu
1360 1626 1512 1679 urzltltrtl.

932 1761 952 1808 0
966 1759 1080 1811 Thessale
1095 1762 1235 1825 Protesilao,
1248 1764 1381 1828 tequidem
1393 1765 1472 1816 multa
1484 1769 1554 1816 canet
1565 1769 1633 1828 aetas,

961 1848 1039 1910 ijo
1050 1848 1126 1899 debiti
1138 1849 1226 1900 excidii
1237 1849 1399 1912 incentorem
1691 1837 1694 1844 ’

931 1938 1116 1985 monumentum
1126 1949 1184 1986 raro
1195 1937 1239 1986 tibi
1253 1939 1349 2001 populis
1363 1939 1534 1990 obumbratum
1545 1944 1663 1991 exornant

961 2023 1092 2086 Nympha,
1106 2024 1178 2074 innisi
1193 2038 1207 2074 e
1221 2026 1317 2088 regione
1326 2026 1378 2085 llil;

930 2108 1028 2160 arbores
1039 2113 1120 2160 autom
1131 2111 1325 2174 graviter-iratae,
1338 2115 1363 2162 et
1383 2112 1404 2162 si
1417 2125 1516 2163 murum
1526 2114 1674 2179 prospiciant

961 2196 1104 2259 Troianum,
1118 2197 1211 2247 aridam
1222 2198 1493 2250 loliorumexcutientes
1506 2214 1609 2262 comam,

930 2287 1021 2346 quanta
1033 2284 1058 2333 ln
1070 2283 1184 2335 heroibus
1198 2285 1315 2336 omnibus
1326 2289 1385 2336 tunc
1395 2289 1447 2337 erat
1460 2287 1529 2350 bilis,
1544 2303 1591 2338 uon
1605 2291 1707 2351 partem,

962 2370 1083 2421 inimicam
1093 2372 1117 2420 in
1127 2371 1273 2434 inanimatis,
1287 2376 1384 2423 serrant
1394 2375 1475 2424 ramis.
1614 2375 1708 2438 [adlruo

1214 2517 1263 2562 142·
1291 2525 1428 2566 lltcttttrl.

929 2650 1050 2699 Tumulus
1066 2652 1104 2700 ort
1112 2649 1211 2699 notulis
1224 2650 1439 2715 viros-lrangentis‚
1450 2666 1523 2717 quem
1535 2653 1592 2704 ol'un
1601 2655 1678 2704 Graeci

961 2739 1098 2798 erexerunt,
1113 2737 1272 2798 Troianorum
1283 2739 1399 2788 terrorem
1409 2740 1482 2790 etiam
1497 2742 1635 2794 futurorum
1649 2763 1655 2793 :

930 2822 1005 2872 littori
1019 2836 1076 2872 rero
1088 2823 1254 2886 acclinis-est,
1269 2827 1297 2874 ut
1306 2826 1436 2888 gemitibus
1449 2829 1516 2890 ponti

961 2910 1095 2960 celebretur
1104 2923 1165 2973 puer
1176 2911 1275 2959 marinas
1291 2911 1408 2961 Thetidis.

1207 3050 1259 3096 14³·
1283 3056 1419 3101 incurat.

930 3177 981 3225 l'iri
990 3176 1040 3225 (luo
1049 3175 1155 3226 arnicitia
1168 3178 1193 3226 et
1202 3176 1227 3225 in
1242 3176 1315 3226 armis
1326 3177 1538 3250 prestantissimi,

961 3264 1052 3325 valete,
1063 3277 1078 3311 o
1092 3262 1197 3324 AEaoiale
1215 3264 1240 3313 et
1253 3265 1290 3326 tu,
1302 3265 1455 3315 llenoeliadu.

1184 3399 1236 3449 ¹44·
1258 3417 1454 3460 anonruuu.

930 3542 1091 3606 Duleiloquus
1101 3544 1187 3593 Nestor
1201 3543 1293 3606 Pylius,
1306 3546 1403 3595 Neleius
1414 3544 1494 3608 heros,

960 3630 985 3680 in
996 3629 1055 3692 Pylo
1066 3629 1220 3681 smctissima
1228 3632 1353 3682 tumulum
1360 3632 1433 3684 habet
1444 3633 1621 3688 trismcllsenex.

117 3747 1689 3782 ——m———q

217 3834 273 3895 139.
288 3835 325 3880 De
335 3835 436 3880 Hectore
449 3843 471 3880 et
485 3833 625 3882 Alexandro
640 3834 779 3886 Macedone.

118 3950 219 3996 Hectore
233 3947 341 4010 sublato,
352 3949 436 3998 cecidit
448 3965 542 4015 quoque
555 3952 640 4018 Troja,
653 3969 697 4004 nec
709 3955 772 4004 ultra

148 4029 263 4078 Adversas
276 4030 363 4079 Danais
374 4031 459 4080 extistit
469 4031 509 4080 illa
521 4047 612 4084 manus.

118 4113 182 4160 Mors
192 4127 288 4177 quoque
301 4111 430 4161 Alexandri
443 4114 531 4162 Pollam
544 4114 624 4166 trahit.
637 4117 737 4183 Aspice,
751 4127 819 4170 terre

148 4193 287 4243 Suutdeous
298 4194 438 4254 annuerim,
451 4210 499 4244 uon
507 4195 578 4245 decus
591 4196 640 4262 ipsa
654 4198 717 4248 riris.

415 4317 469 4366 tto.
487 4327 594 4367 oxonia,

429 4430 458 4480 de
471 4436 580 4484 Hectore.

120 4543 175 4604 Quis
185 4544 286 4606 genitor,
299 4546 362 4610 quod
375 4561 461 4596 nomen
476 4557 544 4607 erat,
554 4564 606 4613 qua·
619 4557 681 4599 terra
694 4551 801 4616 sepulto,

150 4627 250 4690 Quoque
260 4626 331 4676 modo
341 4627 412 4676 ritant
425 4628 499 4685 siniit,
511 4631 554 4678 erle
564 4630 631 4696 lapis.

121 4708 204 4756 Troum
216 4719 281 4758 terra
293 4725 345 4759 mea
356 4720 405 4771 est,
417 4712 522 4760 Priamus
533 4723 608 4777 pater,
620 4723 644 4764 et
654 4729 725 4764 rooor
736 4719 834 4778 llector,

152 4791 177 4838 Et
192 4790 249 4840 cado
258 4826 266 4853 ,
275 4805 320 4857 ρτσ
331 4791 406 4858 patria
418 4792 474 4842 dum
488 4793 526 4858 pia
538 4793 600 4844 bello
614 4810 678 4860 gero.

324 4915 379 4964 ται.
398 4925 528 4959 anxientur
544 4928 686 4969 oraturum,

412 5022 442 5073 de
457 5026 596 5078 Protesilao.

126 5134 262 5203 Principium
273 5138 350 5204 'l'rojoe
359 5139 466 5206 promissi
475 5141 605 5206 sangariuis,
619 5156 701 5199 omne,

966 3833 1091 3904 Thessale,
1104 3843 1249 3904 leoteriam,
1265 3845 1407 3906 Protesilao,
1421 3857 1498 3896 canet.

933 3928 1044 3974 Mortuus
1057 3924 1175 3972 ulmorum
1187 3924 1231 3972 sub
1243 3926 1358 3985 textibus,
1371 3925 1459 3976 hostica
1472 3935 1553 3976 contra

966 4009 1090 4069 Pergama,
1101 4002 1263 4070 Nympharum
1276 4005 1376 4052 maxima
1388 4022 1443 4056 cura
1453 4008 1523 4071 jaces.

933 4084 1002 4134 lratis
1013 4086 1115 4152 Trojano
1127 4086 1207 4134 rident
1218 4101 1272 4134 curn
1286 4087 1370 4134 uroenia
1385 4090 1455 4138 ramis

966 4168 1086 4214 Arserunt
1099 4165 1154 4214 odio
1165 4165 1324 4230 deficiuntque
1336 4182 1417 4218 comae.

933 4243 1017 4308 Qualis
1030 4244 1056 4293 iu
1069 4245 1172 4309 antiquis
1186 4245 1231 4295 iuit
1242 4245 1283 4294 ille
1296 4245 1409 4298 heroibus
1418 4251 1498 4313 ardor,

966 4327 990 4376 Si
1004 4335 1083 4393 partes
1096 4326 1168 4376 arbor
1179 4343 1227 4376 non
1241 4327 1343 4377 animata
1357 4328 1430 4380 iacit?

1214 4465 1267 4514 rto.
1284 4461 1320 4506 De
1332 4455 1431 4508 Achille.

935 4571 980 4622 llio
990 4581 1024 4621 est
1033 4575 1114 4622 Graeca
1124 4587 1205 4620 manus
1214 4572 1332 4620 tumulum
1344 4589 1414 4637 quern
1425 4574 1511 4622 struxit
1522 4572 1628 4634 Achilli,

967 4656 1127 4720 Trojugentlm
1140 4666 1193 4721 post
1205 4671 1268 4704 nunc
1283 4664 1318 4704 tot
1332 4670 1426 4719 qnoque
1437 4655 1503 4704 saecla
1516 4666 1600 4706 metus.

935 4740 965 4786 Et
976 4737 1055 4786 sedem
1071 4753 1147 4802 prope
1161 4736 1227 4786 littus
1238 4735 1310 4785 hebet
1319 4771 1327 4796 ‚
1337 4735 1460 4800 plangatur
1469 4746 1496 4785 ut
1504 4737 1572 4786 undis

930 4869 934 4875 ,
970 4821 1078 4886 AEquoris
1092 4835 1200 4886 equorea
1210 4829 1279 4869 natus
1289 4827 1313 4868 et
1325 4819 1374 4884 ipse
1385 4821 1444 4868 Dra.

1139 4951 1193 5004 ati.
1211 4953 1247 4996 De
1262 4945 1354 4996 Acltlle
1367 4957 1389 4994 et
1401 4945 1520 4995 Patroclo.

938 5063 1032 5112 Findere
1042 5062 1150 5111 amicitiae
1159 5078 1203 5128 par
1213 5061 1294 5111 nobile
1306 5078 1350 5111 nec
1364 5063 1440 5111 minna
1454 5063 1537 5124 armis,

969 5143 1151 5206 montarolio,
1164 5152 1251 5207 tuque,
1264 5143 1415 5192 Menoetiode.
