3946 5952
534 447 659 508 CAPUT
678 449 715 507 V.
738 446 1019 510 ΕΡλῦΙλΑΜΜΑΤΑ
1042 443 1250 506 nutricula.
1672 446 1711 510 63

146 581 314 661 θηλυμανὴς,
329 582 374 639 καὶ
388 586 431 640 νῦν
443 579 530 647 δίσκος
541 579 600 656 ἐμοὶ
613 579 751 660 κρόταλον·

106 672 165 732 issi
179 671 208 730 δι’
221 693 268 748 μοι
280 667 382 727 παίδων
402 668 495 728 ἀδόλου
507 668 583 747 χροός
595 668 673 746 ἤρεσε
687 669 769 748 γύψου

145 759 298 840 χρώματα,
314 757 359 816 καί
374 756 469 838 ρύκους
481 755 555 823 άνθος
574 755 728 816 ἐπεισόδιον.

107 847 240 918 bouarium
252 847 396 926 δελρῑναςὸ
410 841 583 923 δενδροκόμοις
598 842 776 924 Ἐρύμανθος,

148 936 193 996 καὶ
208 935 299 996 πολιόν
313 932 410 992 πόντου
425 936 497 1010 κῦμα
513 929 572 998 tol<
586 931 707 1014 ίλάρους.

370 1105 416 1155 20.
441 1093 630 1153 ΟΝΕΣΤΟΥ.

109 1239 181 1301 Orico
196 1261 229 1316 με
244 1238 404 1314 παρθενικῆς
419 1231 510 1312 τίρπει
524 1232 624 1312 γάμος,
641 1231 700 1291 ούτε
713 1234 832 1312 γεραιῆς·

150 1329 199 1399 riu
215 1325 262 1403 μὲν
274 1323 446 1402 ἐποικτείρω,
462 1319 510 1394 τὴν
526 1321 553 1380 δὲ
567 1321 752 1398 καταιδέομαι.

111 1417 164 1489 Eis,
180 1415 243 1494 μήτ’
255 1411 358 1492 όμραξ,
373 1411 436 1489 μήτ’
449 1407 603 1490 &suspici
620 1407 647 1468 δὲ
662 1409 783 1489 πέπειρος

150 1509 176 1570 ἐς
188 1501 319 1582 Κύπριδος
330 1499 463 1576 θαλάμους
477 1497 489 1522 '
505 1498 574 1579 ιθρία
586 1500 746 1570 καλλοσύνη.

366 1669 415 1720 21.
440 1658 648 1720 ΡΟΥΦΙΝΟΥ.

111 1811 171 1868 ota
179 1807 283 1882 ἔλεγον,
294 1801 424 1878 Προδίκη,
437 1803 628 1881 νγςράσκομιν
638 1830 650 1853 υ
658 1826 667 1874 ;
675 1803 704 1860 οὗ
715 1801 896 1882 προερώνουν·

157 1922 170 1948 ι
193 1893 300 1966 ἥξουσιν
312 1890 415 1971 ταχέως
427 1893 455 1948 αἱ
467 1889 641 1970 διαλυσίριλοι
655 1914 677 1961 ι;

113 1987 171 2044 Νῦν
188 1981 288 2062 ῥυτίδες
301 1981 346 2039 καλ
360 1977 414 2059 θρίξ
425 1977 504 2050 πολιὴ
517 1978 563 2036 καί
578 1981 655 2055 σῶμα
670 1980 799 2058 ῥακῶδες,

156 2071 204 2130 καλ
218 2069 305 2146 στόμα
319 2067 363 2134 τδς
377 2065 506 2148 προτέρας
519 2067 604 2127 οὐκέτ’
621 2067 681 2145 ἔχον
694 2067 815 2147 χάριτας.

113 2158 168 2232 Μή
181 2181 221 2226 τις
235 2156 290 2232 σοί,
300 2155 426 2234 μετέωρα,
437 2153 629 2234 προσέρχεται,
644 2153 662 2225 λ
676 2154 823 2214 κολακεύων

161 2247 280 2305 λίσσεται
286 2269 295 2317 ;
311 2246 344 2310 ὡς
357 2242 383 2301 δὲ
399 2243 479 2322 τάφον
495 2247 539 2300 νῦν
554 2265 583 2302 σε
597 2242 795 2321 παρερχόμεθα.

382 2405 427 2456 22.
445 2407 504 2452 ΤΟΥ
523 2406 631 2453 ΑΥΤΟΥ.

116 2534 168 2594 Σοί
181 2555 213 2610 με
229 2533 323 2612 λάτριν
337 2530 502 2610 γλυκύδωρσς
515 2529 604 2608 Ἔρως
623 2529 775 2610 παρέδωκε,
794 2533 898 2604 Boiai,

156 2628 250 2704 ταῦρον
268 2621 409 2690 ὑποζεύξας
420 2623 454 2687 εἷς
464 2620 543 2679 πόθον
556 2619 700 2692 αὐτόμολον
711 2665 719 2691 ,

119 2712 261 2782 αύτοθελῆ,
275 2708 442 2783 πάνδουλον,
456 2709 592 2783 ἑκούσιον,
606 2709 820 2783 αὐτοκέλευστον,

158 2800 298 2872 αἰτήσοντα
308 2795 406 2876 πυρὴν
420 2797 519 2874 μήποτ’
537 2795 683 2875 ἐλευθερίην

118 2887 191 2967 ἦρι,
205 2886 278 2967 φίλη,
292 2887 387 2956 πολιῆς
400 2884 445 2944 καλ
459 2884 565 2964 γήραος·
580 2884 655 2961 ύμμα
671 2887 747 2963 βάλοι
761 2885 787 2944 δὲ

158 2975 255 3051 μήποτ’
268 2974 309 3055 ἐρ’
322 2965 463 3054 ἡμετέραις
476 2975 564 3034 ἐλπίσι
580 2974 720 3053 βασκανίη.

338 3139 387 3190 ιο.
412 3095 677 3191 κολοκυντίου.

115 3281 214 3346 Οὕτως
225 3277 369 3351 ύπνιίισαις,
384 3279 549 3355 Κωνώπιον,
560 3281 595 3345 ύις
606 3279 653 3356 ἐμὲ
667 3288 749 3345 ποιεῖς

159 3372 301 3444 κοιμᾶσθαι
321 3367 432 3448 ψνχροῖς
446 3368 533 3426 τοῖσδε
548 3367 620 3446 παρδι
633 3367 779 3446 προθύροις·

117 3457 199 3522 οὕτως
215 3454 365 3527 ύπνύισαις,
381 3454 544 3528 ἀδικωτάτη,
563 3458 599 3522 ὡς
612 3455 656 3513 τόν
671 3457 781 3533 ἐραστὴν

159 3543 299 3621 κοιμίζεις·
315 3541 388 3600 iiico
403 3543 426 3598 δ’
439 3543 492 3600 οὐδ’
504 3540 566 3620 ὄναρ
581 3541 703 3612 iustam.

120 3630 236 3697 Γείτονες
249 3629 422 3708 οἰκτείρασαι·
436 3625 467 3687 σύ
482 3627 505 3686 δ’
520 3629 572 3687 οὔδ’
585 3629 660 3708 ὄναρ.
704 3627 738 3690 ‘ll
751 3629 830 3702 πολιλ
842 3633 868 3690 δὲ

151 3715 237 3778 αὐτίκ’
245 3718 394 3795 ἀναμνήσει
408 3716 493 3776 ταῦτά
503 3739 532 3776 σε
546 3716 634 3776 πάντα
649 3718 731 3793 κόμη.

965 586 1108 648 mulierum,
1123 589 1147 636 ot
1156 600 1220 636 nunc
1229 583 1381 634 discusmihi
1394 587 1431 635 est
1440 585 1629 648 crepitaculum3

934 691 963 728 ac
977 691 1021 742 pro
1033 689 1165 741 puerorum
1177 673 1317 724 nondolosu
1329 676 1385 725 oute
1396 673 1456 724 mihi
1465 675 1609 738 placuemnt
1618 673 1687 740 gypsi
1717 707 1720 716 ·

967 768 1072 827 colores,
1083 769 1108 816 et
1121 766 1171 816 tuci
1183 765 1241 826 llos,
1252 764 1344 829 [orrum
1356 764 1516 829 interpolatio.

936 859 1022 907 Pusoct
1034 855 1159 918 delphinos
1171 853 1478 904 arborumcomademrus
1490 852 1668 916 Erymanthus,

968 947 993 994 et
1006 957 1083 993 canus
1096 943 1162 1008 ponti
1178 943 1267 993 ttuctus
1276 942 1375 992 veloces
1388 955 1482 991 corros.

1230 1116 1267 1160 20.
1287 1109 1424 1158 ONFSTAE.

937 1253 1021 1314 despue
1030 1250 1129 1314 virginis
1138 1265 1177 1302 mc
1192 1251 1312 1302 delectant
1322 1251 1425 1314 nuptiae,
1440 1262 1522 1312 noque
1534 1247 1626 1298 anuis:

969 1339 1034 1390 illius
1047 1353 1087 1388 me
1097 1340 1209 1400 miseret,
1221 1339 1285 1389 hanc
1295 1351 1416 1390 revereor.

938 1427 973 1477 Sit
983 1439 1063 1490 noque
1072 1439 1241 1490 praecox-uro,
1252 1439 1332 1489 noque
1343 1438 1428 1488 passa,
1443 1422 1486 1474 sed
1498 1425 1597 1473 maturo

969 1516 1086 1564 uenustus
1100 1512 1218 1577 cypridos
1234 1513 1347 1563 thalamis
1361 1515 1398 1562 cs!
1412 1511 1564 1575 tempestivi.

1247 1661 1284 1707 21.
1304 1659 1417 1707 liUFlb'l.

940 1797 1024 1845 Nonne
1045 1794 1170 1857 dicabam,
1186 1793 1301 1856 Prodico,
1323 1814 1334 1835 u
1350 1795 1521 1846 senescimus?
1537 1808 1585 1844 non
1609 1807 1723 1859 praenun-

972 1903 984 1927 ι
1002 1883 1224 1946 venientoitoquoe
1231 1883 1483 1948 amiousdsjungunt,
1494 1889 1603 1947 morsu?
1613 1883 1722 1948 [baboni

941 1975 1012 2023 Nunc
1020 1985 1102 2036 πυρα,
1114 1974 1141 2022 et
1149 1985 1225 2022 canus
1239 1971 1327 2034 crinis,
1337 1974 1363 2022 et
1374 1972 1482 2023 lauerum
1491 1986 1592 2036 corpus,

972 2063 997 2111 ct
1010 2074 1038 2110 os
1050 2059 1171 2124 prioribus
1182 2061 1233 2124 lam
1243 2073 1328 2111 carens
1337 2061 1429 2124 gratiis.

941 2151 1005 2199 Num
1016 2149 1085 2212 quis,
1096 2148 1215 2214 superba,
1232 2147 1264 2197 ad
1272 2151 1297 2198 to
1313 2148 1391 2211 vonit,
1401 2151 1444 2199 aut
1453 2148 1557 2201 adulans

972 2235 1720 2303 precaturilt‘on,sedvelutsepulcrum,nunctepraeterimns.

1235 2395 1275 2439 22.
1299 2400 1450 2442 musonii.

942 2538 995 2588 Tibi
1005 2551 1045 2588 me
1053 2537 1192 2589 ministrum
1201 2538 1430 2590 sueviumdonator
1439 2546 1513 2591 Amor
1522 2541 1631 2606 tradidit,
1641 2545 1724 2608 Boopi,

973 2625 1074 2677 taurum
1083 2625 1217 2691 subjugans
1231 2626 1256 2676 in
1267 2641 1375 2678 amorem
1384 2631 1558 2692 spontaneum,

943 2715 1120 2777 voluntarium,
1130 2715 1350 2779 penitusserrum,
1360 2715 1476 2767 libentem
1487 2757 1493 2780 ,
1503 2719 1694 2784 propriolussu,

974 2818 1099 2869 nunquam
1110 2804 1263 2868 posciturum
1273 2805 1386 2856 acerbam
1395 2806 1540 2870 libertatem,

944 2893 1030 2956 amica,
1046 2906 1125 2955 usquc
1139 2891 1170 2942 sd
1184 2892 1297 2943 camitem
1310 2906 1339 2942 so
1354 2898 1517 2957 senectutem
1529 2897 1628 2950 oculum
1643 2902 1725 2950 autom

976 2981 1086 3045 conjiciat
1096 2981 1185 3044 iuspos
1195 2983 1290 3031 nostras
1306 2980 1404 3031 inuidia.
1565 2985 1605 3048 [uo
1617 3001 1726 3050 unquam

1208 3155 1245 3199 23.
1264 3151 1463 3200 cntttlllclss.

946 3293 983 3342 Ita
993 3295 1020 3340 tu
1032 3288 1151 3352 dormias,
1162 3292 1299 3355 compton,
1311 3294 1340 3343 ut
1349 3305 1389 3343 mc
1402 3293 1461 3343 sads

977 3380 1083 3430 dormire
1093 3379 1125 3429 ad
1139 3381 1226 3446 frigida
1239 3381 1293 3432 lraec
1303 3381 1438 3442 restibulo;

945 3466 980 3516 ita
988 3465 1107 3527 dormias,
1125 3467 1296 3531 injustissima,
1308 3471 1337 3519 ut
1350 3471 1483 3520 amatorem
1532 3470 1654 3536 [expertus
1663 3487 1727 3526 suun.

977 3556 1043 3618 sopis
1060 3569 1137 3605 :nam
1155 3556 1387 3608 miscricordiamne
1403 3557 1532 3610 insomnio
1549 3561 1648 3624 quidem
1667 3578 1685 3613 a
1706 3569 1728 3614 le

946 3643 1024 3694 Vicini
1038 3643 1193 3706 miserantur,
1203 3648 1231 3695 tu
1241 3659 1300 3696 vero
1309 3658 1340 3696 ne
1349 3646 1478 3698 insomnio
1487 3647 1594 3712 quidem.
1610 3651 1657 3701 Sed
1671 3667 1730 3702 carru

979 3731 1109 3796 aliquando
1119 3733 1258 3784 admonebit
1267 3732 1356 3784 horum
1366 3737 1392 3786 te
1404 3736 1515 3786 omnium
1522 3751 1599 3789 coma.

125 3833 1726 3869 ffi———w-——u

153 3885 237 3934 Discus
253 3894 306 3934 erat
320 3884 389 3934 cordi
400 3892 459 3934 tunc
470 3883 545 3943 mibi,
556 3900 621 3934 nunc
632 3888 759 3935 crciatum.

121 3973 167 4018 Pro
180 3979 264 4018 temero
273 3967 455 4034 meusquedoli
464 3977 533 4026 cute,
549 3984 614 4018 nuno
623 3967 684 4018 mibi
696 3984 781 4035 gypsus

153 4050 241 4117 Incipit
249 4061 324 4116 atque
334 4058 426 4100 emtum
435 4049 512 4100 forma
522 4051 617 4117 placere
626 4051 725 4101 bonum.

122 4134 253 4200 Delphines
259 4135 311 4199 jsm
324 4133 410 4183 fronde
419 4133 499 4184 virens
510 4134 669 4201 Erymanthus
683 4134 791 4196 habebis,

156 4221 184 4267 Et
197 4219 289 4267 uelem
298 4233 382 4267 ceruos
396 4233 492 4284 requora
502 4234 561 4267 canu
570 4217 656 4268 terent.

435 4381 475 4413 2⁰.
493 4380 596 4412 OMSTAE·

121 4501 158 4550 Sit
170 4498 230 4548 mibi
240 4500 324 4564 junctu
335 4509 389 4548 toro
397 4514 442 4548 neo
451 4515 527 4561 anus,
539 4515 583 4548 nec
593 4499 665 4548 cruda
673 4500 752 4565 puella
766 4515 772 4546 r

158 4587 217 4632 ileo
231 4583 366 4636 numm
378 4582 438 4633 mihi
447 4593 493 4647 est,
504 4583 546 4633 illa
558 4584 664 4633 uerenda
677 4583 757 4634 nimis,

122 4667 163 4718 sd
175 4672 297 4716 Venerem
309 4683 354 4716 nec
364 4667 450 4716 acerba
460 4666 526 4730 iacit,
536 4683 581 4717 nec
590 4670 693 4733 pussula,
704 4667 744 4716 sed
756 4682 809 4733 quse

157 4752 255 4800 Mirum
267 4750 292 4800 iu
306 4750 386 4800 medio
398 4760 507 4817 tempore
517 4750 595 4800 forms
606 4751 678 4815 uiget.

444 4902 486 4936 at.
502 4901 604 4936 surim.

124 5039 183 5088 Nou
196 5036 289 5101 monui,
303 5037 411 5096 Prodico,
422 5045 455 5098 te,
465 5045 556 5096 nostra,
573 5035 721 5088 θεοεεσίιουε
729 5041 740 5087 ,³
748 5045 769 5086 et
781 5053 830 5086 non

159 5118 437 5181 Diui,1)imidiisemiua
447 5119 496 5184 jam
510 5118 616 5180 uenient,

125 5205 203 5266 Rupe
212 5215 317 5266 cumque
326 5199 401 5249 comis
410 5215 534 5266 pmnueea
548 5210 646 5268 pectora
659 5200 733 5262 canis,

161 5285 261 5350 Quique
278 5299 339 5348 aegre
350 5281 426 5332 tracto
442 5283 547 5333 truditur
559 5299 600 5334 ora
608 5299 688 5336 mum.

951 3892 1029 3939 Nemo
1041 3889 1104 3940 iores
1115 3892 1165 3941 adit
1174 3907 1229 3942 ecce
1241 3902 1293 3942 tum
1303 3929 1311 3954 ,
1321 3907 1399 3958 neque
1408 3895 1527 3961 supplicat
1537 3898 1600 3948 nllus

983 3975 1037 4020 Jsm
1049 3972 1093 4021 tibi
1105 3988 1111 4022 ι
1123 3973 1249 4022 transimus
1264 3983 1287 4022 tc
1296 3975 1363 4038 qrrasi
1373 3974 1441 4024 bustu
1451 3976 1506 4028 viri.

1246 4107 1284 4140 22.
1305 4109 1422 4142 ”1180ss-

952 4209 1039 4276 Ampla
1052 4209 1138 4270 oculis,
1148 4208 1192 4258 tibi
1201 4225 1239 4258 nro
1252 4209 1365 4259 famulum
1376 4209 1441 4261 dedit
1451 4211 1500 4278 ipse
1512 4213 1604 4278 Cupido
1615 4231 1621 4264 :

986 4293 1115 4358 ‘l'mnsiuga
1128 4293 1170 4358 qui
1183 4291 1283 4352 ineram,
1295 4293 1340 4342 sub
1351 4294 1406 4359 juga
1422 4294 1505 4343 missus
1516 4311 1557 4345 co.

953 4382 1043 4446 Sponte
1057 4394 1109 4428 mes
1121 4393 1202 4427 seruus
1215 4376 1260 4427 tibi
1270 4394 1322 4426 sum
1339 4377 1485 4445 cupiensque
1500 4380 1628 4446 solumque
1644 4399 1649 4432 :

990 4459 1098 4511 Libertas
1112 4461 1191 4510 valeat
1202 4477 1208 4510 :
1219 4476 1267 4508 non
1278 4460 1357 4526 placet
1369 4460 1410 4509 illa
1422 4459 1492 4512 milri.

955 4542 1073 4593 Constitui
1087 4552 1140 4591 tuus
1150 4557 1210 4603 esse,
1225 4550 1280 4592 tuus
1292 4556 1434 4593 canescere:
1450 4551 1553 4609 tuntum,

990 4627 1026 4674 Ne
1035 4640 1096 4690 spes,
1109 4639 1161 4682 oro,
1172 4624 1249 4684 malus¹
1258 4622 1358 4674 fascinet
1370 4623 1514 4678 besonulus.
1538 4647 1540 4654 ·

1239 4745 1280 4794 23.
1295 4759 1454 4795 οεοεικισιιι.

957 4862 993 4914 Sit
1004 4864 1059 4913 talis
1066 4879 1172 4926 somnus,
1181 4863 1316 4930 compton,
1328 4871 1353 4914 et
1363 4864 1417 4926 tibi,
1428 4865 1524 4930 qualem

992 4949 1033 4995 Me
1044 4963 1116 5012 super
1127 4945 1174 4996 boc
1185 4945 1289 5010 gelidum
1301 4946 1374 4996 limen
1388 4945 1479 4996 habere
1494 4945 1556 4996 tacis
1657 5007 1660 5014 Ι

959 5031 997 5081 stc
1014 5030 1099 5096 injusto
1113 5029 1193 5100 cubes,
1208 5040 1282 5080 utme
1293 5030 1442 5096 requiescere
1454 5029 1524 5093 cogis.

993 5115 1088 5180 Quippe
1098 5130 1142 5162 nec
1157 5111 1241 5163 umbri
1252 5113 1310 5163 levis
1321 5113 1351 5162 de
1361 5112 1450 5180 pictate
1462 5110 1507 5161 tibi
1522 5120 1566 5161 cst.

961 5198 1060 5247 Vicinos
1069 5197 1173 5258 miseret,
1184 5197 1224 5247 sed
1235 5206 1258 5247 te
1269 5195 1340 5248 nihil.
1349 5194 1456 5257 Advenit
1463 5193 1527 5252 albu,

995 5285 1056 5346 Quo
1068 5289 1092 5330 te
1104 5278 1192 5330 luorum
1203 5279 1368 5330 immemorem
1380 5294 1427 5328 uon
1439 5275 1495 5329 sinit
1503 5293 1563 5344 esse,
1580 5294 1658 5328 cornu.
