3946 5952
559 407 682 468 CAPUT
704 409 726 467 Ι.
750 406 976 468 CHRISTIANA
996 403 1284 466 EPIGRAMMATA.

388 569 433 620 20.
453 571 512 616 ΤΟΥ
530 571 635 617 ΑΥΤΟΥ.

341 717 381 771 Εἰς
391 717 432 765 τὸν
441 715 556 773 δεσπότην
568 715 678 777 Χριστόν.

123 839 286 926 Ἀρτιρανές,
301 845 440 922 πολιοῦχε,
460 843 634 924 παλαιγενές,
651 842 689 902 ott
702 853 805 920 νεογνὲ,

124 935 177 994 αἰὲν
194 930 243 991 ἐὼν
260 930 363 1012 προειύν
375 955 418 1002 τε,
434 929 578 1011 ὑπέρτατε,
591 929 701 1002 ύστοιτε,
719 929 835 1008 Χριστθ,

124 1019 263 1078 ἀθανάτοιο
281 1019 379 1099 πατρός
392 1043 420 1078 τε
434 1018 580 1098 θμύχρονε,
596 1017 709 1095 πάμπαν
727 1017 809 1094 θμοῖε.

399 1169 438 1215 21.
455 1165 496 1220 Εἰς
507 1165 548 1214 τὸν
557 1163 636 1215 αὐτόν.
714 1235 716 1243 Ι

128 1300 200 1376 llari,
213 1295 306 1380 γε’ρον,
319 1293 420 1356 αἰώνων
435 1294 636 1376 προγενέστερε,
647 1296 745 1376 πατρὸς
760 1295 864 1373 θμῆλιξ.

395 1448 433 1492 22.
444 1443 484 1500 Εἰς
493 1444 533 1492 τὸν
548 1443 629 1493 αὺτὸν.

128 1587 234 1668 Πατρθς
246 1584 402 1666 ἐπουρανίου
414 1584 474 1663 λύγε
488 1585 619 1665 πάνσορε,
634 1585 737 1665 κοίρανε
751 1587 867 1662 κόσμου,

129 1679 144 1732 θ
159 1675 268 1754 βροτέην
281 1671 373 1751 γενεὴν
383 1673 496 1750 τιμήσας
509 1672 587 1732 εἰκόνι
597 1682 660 1744 σεῖο,
787 1738 790 1742 ,

129 1762 178 1834 otu
192 1762 273 1841 χάριν
286 1760 372 1840 άμμιν
386 1761 469 1828 ὄπαζε
483 1759 528 1818 καί
538 1759 692 1840 ὄλῦιύδωρον
705 1759 818 1841 ἀρωγήν·

129 1851 164 1916 εἰς
174 1848 203 1907 σέ
213 1849 266 1928 γάρ
281 1849 431 1927 εἰσορόωσιν
441 1849 466 1904 ἐν
479 1847 582 1906 ἐλπίσιν
593 1846 702 1924 ὄμματα
713 1845 828 1906 πάντων.

317 2002 355 2048 θθ.
370 1996 542 2062 [naribos]
554 1999 594 2054 Εῑς
605 1999 645 2048 τὸν
658 1997 737 2048 αιίτθν.

130 2123 278 2185 Ἀθανάτου
290 2123 386 2205 πατρὸς
398 2125 435 2184 υἱέ
451 2115 611 2204 συνάχρονε,
624 2123 728 2204 κοίρανε
741 2123 858 2197 πάντων,

173 2212 295 2292 αἰθερέων
310 2213 423 2290 μεδέων,
434 2211 561 2282 είναλίων,
579 2212 699 2291 χθονίων,

131 2295 205 2376 aput
216 2304 286 2379 τεῷ,
299 2302 339 2379 τῷ
348 2300 426 2370 τήνδε
444 2299 534 2379 βίύλον
544 2303 685 2382 γράψαντι,
702 2299 813 2380 Μαρίνιρ
856 2297 858 2304 '

171 2385 213 2453 δθς
225 2386 304 2465 χάριν
320 2386 425 2457 εὐεπίης
438 2387 484 2445 καί
497 2388 605 2465 λογικῆς
620 2387 723 2460 σοφίας.

404 2531 443 2579 nt.
454 2529 493 2584 ut:
504 2529 544 2578 τὸν
555 2528 635 2582 αύτὸν,

132 2659 260 2739 Σύνθρονε
270 2659 317 2718 καί
329 2657 476 2738 συνάναρχε
486 2662 536 2738 τεῷ
546 2658 637 2738 πατρί,
647 2657 776 2734 πνεύματί
784 2657 809 2718 τ’
820 2659 911 2737 ἐσθλῷ,

131 2746 276 2827 οξχομένων
291 2746 374 2806 ὄντων
387 2748 471 2806 τεκαὶ
486 2745 632 2822 ἑσσαμένων
646 2746 804 2824 βασιλεύων,

131 2839 168 2916 τῷ
181 2842 265 2896 ταῦτα
279 2835 410 2916 γράψαντι
422 2831 483 2906 τεὴν
497 2834 575 2913 χάριν
590 2833 666 2900 αὐτὸς
675 2834 791 2906 ὀπάζεις,

131 2923 198 3003 ύρρα
209 2945 240 2982 κε
255 2926 304 3002 σῇς
318 2925 449 3004 έρετμῇσι
462 2924 549 2989 καλῶς
564 2923 621 3004 βίον
637 2913 713 3000 οἶμον
730 2921 823 2980 ὁδεύει.

405 3079 443 3123 25.
455 3073 494 3128 Εἰς
506 3073 547 3122 τὸν
560 3071 637 3124 αὐτόν.
670 3043 677 3060 .

134 3200 247 3283 Χριστθ,
262 3206 320 3262 θεοῦ
335 3201 432 3282 σορίη,
448 3203 548 3280 κόσμον
562 3201 661 3278 μεδέων
676 3201 719 3260 καλ
736 3201 857 3262 ἀνάσσων

131 3288 267 3371 ἡμετέρην
280 3290 309 3348 πθ
323 3291 430 3369 πάροιθε
444 3291 548 3357 πλάσας
560 3288 705 3369 μεροπηΐδα
718 3291 837 3371 φύτλην,

129 3379 176 3446 θάς
191 3401 225 3456 με
235 3378 304 3438 ,θέειν
325 3377 383 3456 βίον
396 3369 470 3456 οἶμον
486 3381 512 3437 ἐν
526 3381 663 3458 ύμετέραις
674 3379 811 3460 ὶριτμῇσι.

412 3534 451 3580 20.
462 3529 502 3584 Εἰς
511 3529 550 3578 ιθν
559 3527 638 3579 αὐτόν.

133 3658 287 3739 ’Υψνμέθων
302 3661 359 3717 θεοῦ
374 3657 429 3731 ut,
445 3657 591 3740 ραοσράρον
605 3655 688 3716 ἀίδιον
704 3659 766 3740 ρῶς,
781 3709 784 3714 .

134 3747 183 3816 στ’,ν
198 3769 245 3826 μοι
257 3746 339 3815 ὄπαζε
349 3745 427 3827 χάριν
441 3746 486 3805 καὶ
499 3751 543 3803 νῦν
559 3746 604 3803 καί
618 3743 708 3803 ἔπειτα
723 3745 768 3802 καὶ
785 3744 852 3817 αἰεὶ,
904 3813 910 3824 ⁶

133 3838 168 3900 ὣς
181 3833 361 3916 προθέλυμνον
372 3838 464 3893 ἐοῦσαν
480 3831 532 3914 ὅπερ
542 3831 588 3892 καί
601 3831 653 3912 ὅπῃ
666 3830 844 3899 κατανεύσεις.

372 4006 383 4028 a
399 3985 438 4032 27.
455 3982 495 4037 ut<
505 3979 546 4030 τθν
556 3979 636 4030 αῦτόν.

138 4111 287 4180 Πανσθενθς
300 4111 338 4172 ut
354 4116 429 4189 θεοῦ,
445 4110 555 4191 Χριστέ,
568 4111 717 4192 προάναρχε
732 4111 864 4187 ἁπάντων,

136 4209 214 4258 πᾶσιν
229 4195 385 4279 ἐπιχθονίοις
397 4197 514 4280 σωτήρια
527 4199 633 4274 νάματα
648 4197 758 4277 βλύζων,

138 4291 234 4368 μητρὸς
247 4287 440 4368 άπειρογάμοιο
451 4289 511 4357 τεῆς
525 4285 616 4345 λιτέων
631 4285 781 4359 ἐπακούων,

138 4377 187 4447 σὴν
200 4376 279 4456 χάριν
293 4375 379 4453 ἄμμιν
394 4374 476 4444 ὄπαζε
489 4374 534 4433 καλ
550 4378 576 4434 ἐν
594 4377 683 4452 μύθοις
695 4374 741 4433 καλ
755 4377 780 4436 tv
792 4373 885 4455 ἔργοις.

319 4525 361 4572 θθ.
375 4517 600 4584 [ΜΔΡΙΝΟΥᾸΕῐς
609 4521 649 4570 τὸν
657 4520 735 4570 soso.

140 4653 257 4733 Χρισιί,
272 4658 332 4714 θεοῦ
347 4651 442 4734 σορίη,
457 4653 534 4733 χάριν
548 4653 655 4714 ὤπασαν
668 4651 818 4730 εθεπιάων,

178 4740 225 4800 καὶ
236 4743 344 4820 λογικῆς
358 4741 449 4822 σορίης
461 4740 613 4820 ἕμπέραμον
624 4740 739 4816 τέλεσον,

139 4827 167 4896 θς
184 4828 243 4889 τάδε
265 4835 358 4910 τεῦχος
369 4831 481 4911 ἔγραψεν
496 4833 550 4896 ἑαῖς
561 4831 676 4909 χείρεσσι
690 4829 821 4908 Μαρῖνος,

186 4917 327 4998 φάρμακον
344 4919 484 4999 θρραδίης,
500 4917 620 4999 πρόξενον
636 4917 783 4997 εθρραδίης.

343 5071 383 5116 29.
396 5067 436 5121 Εἰς
445 5066 484 5114 τὸν
496 5066 568 5114 αι’πθν
580 5064 718 5128 μονόστιχα.

143 5195 257 5276 Χριστθ,
270 5196 332 5269 τεὴν
344 5190 471 5276 προΐαλλε
481 5196 560 5280 χάριν
574 5195 730 5273 καμάτοισιν
746 5195 830 5268 ἐμεῖο.

1232 573 1279 622 20.
1301 579 1446 622 musuuu.

1193 735 1219 776 ln
1232 731 1343 777 christum
1352 732 1477 777 dominum.

1628 784 1729 848 [genite.

951 877 1062 924 Prosens
1071 911 1077 934 ,
1086 871 1334 936 eivitatisproteotor,
1346 871 1585 935 antiquitus-genite,
1594 871 1628 920 srli
1637 884 1731 922 recens·

951 973 1047 1024 semper
1057 959 1173 1011 exsistens
1184 963 1208 1011 et
1215 963 1271 1010 ante
1282 957 1372 1019 omnia,
1383 971 1503 1022 supreme,
1511 957 1610 1021 ultime,
1620 957 1726 1016 Christe,

950 1047 1144 1112 immortalisque
1155 1047 1231 1114 patris
1243 1060 1338 1108 ooaore,
1351 1049 1374 1098 et
1386 1045 1484 1116 omniuo
1497 1045 1591 1100 similis

1248 1196 1282 1239 tt.
1292 1197 1318 1238 1n
1327 1195 1433 1240 eundem.

955 1335 1026 1392 Puer,
1044 1341 1128 1391 senor,
1138 1327 1289 1392 temporibus
1302 1325 1437 1391 νούσοισι,
1446 1324 1523 1392 patris
1532 1339 1622 1378 coare.

1247 1471 1284 1516 v.
1294 1471 1320 1513 in
1331 1469 1435 1515 eundem.

955 1601 1032 1655 Patris
1041 1600 1146 1652 ooelestis
1160 1598 1268 1650 verbum
1280 1597 1487 1663 sapientissimum
1495 1637 1502 1661 ,
1510 1612 1551 1650 rer
1562 1598 1659 1661 monadi,

953 1691 996 1755 qui
1012 1688 1146 1740 humanum
1157 1701 1233 1752 genus
1242 1686 1393 1737 honoravisti
1413 1686 1518 1751 imagine
1531 1686 1578 1747 tui,

953 1779 1022 1828 tuam
1035 1774 1136 1838 gratiam
1148 1772 1217 1822 uobis
1226 1773 1326 1836 imperti
1335 1775 1359 1824 et
1369 1771 1592 1823 ieliciadarrsdons
1601 1771 1733 1834 aurilium3

954 1866 1018 1916 inte
1033 1865 1098 1916 enim
1110 1863 1238 1915 intuentur
1252 1861 1277 1912 in
1292 1875 1337 1925 spe
1348 1861 1411 1912 oculi
1428 1865 1579 1912 cunctorum.
1797 1863 1799 1868 ’

1164 2013 1197 2054 23.
1214 2010 1347 2062 [tinniat]
1361 2012 1387 2053 in
1398 2009 1502 2054 eundem.

955 2141 1101 2192 Immortalis
1115 2141 1192 2205 patris
1203 2141 1237 2190 fili
1252 2139 1507 2204 pariter-sempiteme,
1519 2154 1561 2191 rex
1569 2143 1724 2204 ornatorum,

973 2228 1149 2281 'aethereorum
1161 2242 1277 2293 regnans,
1289 2227 1448 2291 marinonam,
1459 2227 1626 2293 terrestrium,

956 2331 1028 2368 servo
1038 2319 1094 2379 tuo,
1108 2317 1152 2380 qui
1166 2316 1233 2367 buno
1246 2314 1338 2366 librum
1354 2305 1493 2379 descripsit,
1503 2314 1597 2366 Marino

987 2405 1019 2456 da
1034 2405 1136 2469 gratiam
1152 2403 1296 2468 eloquentia
1311 2405 1337 2454 et
1352 2402 1464 2453 oratorias
1474 2401 1598 2454 doctrinae.

1252 2518 1285 2562 tt.
1301 2516 1443 2560 ineundam.
1536 2553 1538 2558 .

1402 2595 1734 2660 [pariter-principiooarens,

957 2685 1020 2736 cum
1032 2685 1105 2734 Patre
1113 2685 1157 2735 tuo
1166 2683 1308 2750 spirituque
1316 2682 1380 2734 bono
1389 2683 1702 2735 sedensineodem-throno
1710 2687 1737 2736 ot

956 2775 1110 2824 mortuorum
1125 2773 1310 2836 viventiumque
1320 2774 1346 2823 et
1361 2773 1502 2822 futurorum
1515 2783 1634 2836 regnans,

956 2859 991 2911 illi
1005 2860 1048 2924 qui
1059 2859 1114 2910 beo
1127 2860 1224 2924 scripsit
1234 2863 1304 2911 tuam
1319 2859 1422 2924 qratiam
1434 2858 1487 2924 ipse
1502 2858 1592 2920 dones,

957 2951 986 2999 ut
997 2950 1042 2999 tuo
1047 2949 1119 3012 jussu
1131 2951 1197 2999 recta
1211 2947 1269 2998 rim
1281 2946 1328 2998 itor
1342 2960 1465 3012 peragam.

1246 3091 1282 3132 2⁵.
1298 3091 1324 3132 in
1337 3088 1442 3132 eundem.
1536 3107 1537 3110 ¹

957 3217 1068 3278 Christe,
1084 3215 1129 3266 Dei
1144 3215 1275 3278 sapientia,
1292 3215 1378 3266 mundi
1393 3218 1531 3280 regnasset
1540 3217 1673 3284 imperans,

957 3307 1064 3356 nostram
1080 3303 1139 3353 olim
1153 3303 1196 3366 qui
1212 3302 1322 3354 formasti
1336 3303 1470 3354 humanam
1482 3305 1668 3368 generationem,

958 3392 989 3442 da
1000 3405 1040 3442 rna
1050 3404 1147 3442 currere
1157 3391 1215 3442 ritae
1223 3391 1271 3443 iter
1286 3390 1333 3443 sub
1344 3391 1395 3444 tuis
1406 3391 1491 3456 jussis.

1253 3533 1287 3576 26.
1306 3532 1333 3577 ln
1343 3531 1448 3577 eundern.

959 3664 1093 3728 Attipotens
1101 3664 1148 3714 Dei
1161 3663 1208 3726 fili,
1225 3663 1357 3715 luciterum
1369 3665 1487 3715 aeternum
1496 3662 1588 3723 lumen,
1615 3712 1618 3718 ,
1693 3637 1696 3646 ’

960 3754 1031 3803 tuam
1042 3750 1102 3802 mihi
1115 3750 1147 3802 da
1155 3751 1257 3816 gratiam
1268 3755 1293 3802 ot
1305 3765 1371 3802 nuno
1379 3754 1404 3802 et
1416 3751 1442 3802 ia
1454 3754 1580 3816 posterum
1593 3755 1619 3802 et
1628 3766 1732 3816 semper,

959 3843 1049 3907 quippe
1061 3855 1118 3906 quae
1127 3841 1428 3905 pro-primo-iundaroonto
1437 3841 1468 3893 sit
1481 3841 1522 3892 cui
1535 3844 1560 3892 et
1572 3855 1622 3905 qua
1635 3857 1736 3896 annues.

1254 3991 1289 4033 27.
1299 3991 1325 4033 tn
1335 3989 1439 4034 eundern.

960 4119 1118 4185 omnipotens
1127 4119 1221 4180 tiliDei,
1231 4119 1336 4181 Christe,
1351 4119 1394 4183 qui
1404 4118 1740 4184 principiouarenspraooedis

960 4209 1074 4260 omnibus
1086 4208 1229 4259 mortalibus
1238 4207 1364 4258 satutitera
1373 4207 1464 4257 fluenta
1472 4207 1610 4269 stiuurleus,
1636 4209 1738 4273 [omnia

961 4295 1046 4349 Matris
1054 4293 1308 4359 nuptisnrmerpertis
1320 4296 1372 4345 tuae
1384 4306 1469 4356 preces
1484 4283 1624 4356 emuniens,

961 4386 1031 4436 tuam
1040 4383 1141 4448 gratiam
1154 4381 1224 4434 nobis
1235 4381 1333 4446 imperti
1351 4383 1376 4432 et
1387 4378 1413 4431 in
1426 4381 1579 4432 sermonibus
1595 4386 1619 4434 et
1633 4383 1738 4436 insutis.

1181 4530 1216 4574 2⁸.
1228 4530 1364 4582 [tumlti]
1375 4529 1400 4572 in
1410 4527 1515 4574 eundem.

963 4662 1072 4724 cbristo,
1086 4661 1130 4712 Dei
1141 4659 1272 4725 sapieutIa,
1285 4659 1385 4724 gratiam
1400 4659 1496 4724 imperti
1506 4659 1659 4725 eloquentie,

995 4753 1020 4802 et
1035 4749 1146 4802 oratorie
1158 4749 1274 4800 damnose
1286 4748 1494 4814 peritum-perfice
1506 4763 1566 4800 eum

964 4839 1007 4903 qui
1016 4837 1082 4889 huno
1093 4838 1182 4888 librum
1195 4837 1291 4901 scripsit
1303 4837 1354 4888 suis
1366 4836 1491 4900 manibus,
1504 4837 1620 4897 Marinus,

896 4945 900 4954 ·
996 4923 1131 4976 remedium
1144 4921 1743 4988 impontimoioonui,oonouiatoremuoquentro.

1187 5071 1224 5112 29.
1238 5075 1265 5112 tn
1281 5069 1377 5112 eundern
1389 5065 1535 5112 monosttcba.

966 5201 1076 5264 cbristo,
1088 5204 1155 5253 tuam
1172 5201 1228 5250 ante
1239 5199 1340 5250 infunde
1349 5199 1451 5263 qratiam
1463 5196 1588 5247 laboribus
1597 5197 1667 5248 meis.
