3946 5952
691 381 975 452 PROLEGOMENA
996 392 1202 455 BREVlOlid.
1691 410 1746 473 xix

131 516 187 574 l’ev
198 515 276 576 lunc
288 525 447 576 restaurata
458 526 487 570 et
503 514 657 590 insiguiter
676 520 790 577 exculta
804 520 915 582 heroici
961 525 1169 587 Constantinus
1186 531 1461 610 porphyrogeneto,
1484 551 1514 596 ut
1533 541 1677 614 ingentem
1693 565 1743 603 ve·

131 621 233 664 versus
248 602 405 678 elegantia,
431 601 470 660 ita
485 615 517 662 ut
541 617 645 680 praeter
661 606 828 666 varietatem
852 630 913 671 ma·
963 611 1033 670 teris
1047 614 1224 675 eruditionis
1237 621 1386 678 materiam
1402 623 1433 680 in
1445 626 1649 702 conrpendium
1667 631 1744 692 redi.

131 691 223 752 iorem
236 690 310 750 nibil
326 690 386 748 sere
396 690 427 748 iit
437 689 501 769 ejus
512 691 742 754 conformatione
753 695 913 774 desideres,
962 712 1059 774 geret,
1075 720 1112 760 ex
1126 703 1295 780 historicis,
1310 709 1447 784 medicis,
1464 717 1653 775 oeconomicis
1668 719 1746 779 aliis·

129 783 226 840 exorti
242 792 311 842 sunt
324 800 389 838 cum
409 780 440 837 in
455 779 574 840 heroico
588 801 710 859 poeseos
725 803 840 859 genere,
854 799 914 847 tum
964 807 1021 864 que
1055 792 1249 870 scriptoribus
1288 811 1422 875 excerpta
1461 799 1591 860 iacienda
1624 823 1745 884 eamque

131 872 161 927 in
182 871 249 932 aliis
268 868 436 940 nonnullis,
453 881 546 946 poetae
559 872 628 947 qui,
651 872 726 930 viam
746 873 843 932 Nonni
865 893 915 932 ve-
963 877 1135 954 farraginem
1151 883 1310 943 secuudum
1325 901 1560 962 argumentorum
1576 893 1743 952 varietatem

130 960 226 1038 stigiia
239 959 410 1036 impressam
431 977 618 1032 magnacum
641 960 788 1019 alacritate
807 963 914 1034 secuti,
963 967 994 1026 in
1020 970 1115 1047 capita
1144 971 1331 1047 redigendam
1360 974 1497 1049 curabat,
1523 978 1598 1038 alius
1625 982 1744 1057 quidam

131 1059 243 1108 veteres
286 1046 397 1105 tabutas
422 1045 498 1104 baud
539 1049 749 1107 contemnendo
781 1069 916 1110 successu
962 1056 1180 1118 Corsraurmus
1196 1063 1370 1136 cognomine
1386 1062 1548 1140 Cerasus,
1568 1070 1683 1142 ignotus
1699 1089 1744 1129 ce-

131 1147 319 1198 exornarent.
364 1133 398 1192 Et
416 1135 658 1212 epigrammatum
670 1156 787 1215 quoque
803 1151 914 1198 sextum
963 1147 1098 1223 teroquin
1113 1148 1219 1220 homo,
1239 1149 1328 1209 simili
1354 1152 1479 1228 quodam
1497 1155 1620 1213 consilio
1645 1170 1743 1217 vetera

132 1238 200 1305 post
211 1225 280 1284 Cbr.
294 1223 431 1282 saeculum
444 1235 473 1282 et
481 1221 639 1282 Justiniani
650 1226 833 1303 potissimum
849 1240 916 1285 aetas
962 1232 1013 1290 illa
1038 1233 1193 1312 Florilegia
1214 1237 1398 1315 compilanda
1418 1253 1447 1298 et
1467 1259 1503 1298 ex
1524 1243 1742 1320 epigrammatis

133 1315 230 1375 tarum
244 1323 418 1392 proventum
433 1308 544 1370 babuit.
561 1315 624 1370 Hoc
639 1313 718 1372 enim
740 1333 803 1371 aevo
818 1314 918 1373 lloruit
964 1319 1033 1378 inde
1047 1321 1162 1380 selectis
1177 1341 1288 1382 novum
1306 1339 1476 1402 syntagma,
1497 1329 1533 1386 ad
1550 1331 1695 1406 igauna,
1712 1347 1744 1393 ut

133 1409 283 1462 dictrictius
294 1403 503 1469 Scholasticis,
521 1400 696 1475 elegantium
718 1403 831 1479 aliquot
852 1405 916 1481 epi·
962 1407 1087 1479 videtur,
1104 1410 1269 1488 exemplum
1286 1412 1317 1470 in
1334 1413 1419 1490 plura
1433 1416 1529 1492 capita
1543 1415 1739 1496 descriptum,

132 1501 324 1564 grammatum
346 1500 464 1559 auctor;
488 1489 696 1559 Christcdoras,
720 1491 790 1566 qui,
812 1503 917 1568 praeter
963 1497 1147 1555 condendum
1160 1509 1189 1556 et
1200 1500 1435 1560 concinnandum
1449 1504 1588 1581 suscepit.
1604 1505 1674 1563 Post
1687 1506 1742 1564 hoc

131 1580 350 1659 epigrammata,
361 1589 520 1635 statuarum
531 1575 676 1655 Zeuxippi
685 1579 914 1656 descriptionem
962 1603 1037 1661 opus
1060 1586 1237 1644 vetustiores
1260 1587 1444 1664 Anthologiac
1466 1604 1666 1666 evanuerunt,
1689 1612 1743 1651 nec

132 1666 253 1744 reliquit
265 1664 383 1743 optimis
397 1663 534 1724 versibus
546 1665 767 1739 concinnatam3
784 1670 916 1724 Julianus
963 1672 1086 1730 multum
1101 1671 1201 1730 aberat
1215 1674 1288 1751 quin
1304 1674 1486 1734 Constantini
1506 1697 1623 1754 quoque
1645 1677 1743 1737 Flori-

131 1755 306 1832 rognomine
328 1758 491 1829 AEgrptr'as,
514 1755 620 1809 Paulas·
644 1755 915 1832 deniqueSiieatia-
962 1758 1069 1834 legium
1095 1759 1171 1818 idem
1197 1761 1285 1819 latum
1308 1761 1436 1834 subiret,
1461 1775 1616 1841 postquam
1637 1766 1742 1824 saeculo

132 1849 197 1913 rias,
216 1844 401 1898 Macedoniae
418 1839 537 1910 consul,
555 1843 697 1914 Agathias
717 1844 915 1903 Scholasticis.
961 1844 1074 1903 decimo
1093 1858 1196 1921 quarto
1217 1845 1353 1908 llaxtrsus
1367 1849 1538 1920 Patronus,
1554 1849 1642 1908 bomo
1656 1852 1742 1912 indu·

130 1933 187 2000 tici
203 1949 304 1989 omnes
313 1929 488 2008 optimorum
499 1940 649 2004 poctarum
663 1929 787 1987 lectione
797 1930 914 2002 imbuti,
962 1932 1051 1990 strius
1066 1951 1160 2010 neque
1173 1931 1327 2010 indoctus,
1342 1933 1523 1994 Constantini
1539 1937 1743 2016 Anthologiam

131 2040 224 2100 (prtum
240 2039 272 2078 se
288 2017 324 2076 ad
338 2019 545 2096 epigrammata
567 2015 725 2075 scribenda
748 2016 913 2088 dedissent,
962 2020 1058 2078 denuo
1073 2021 1284 2098 compilaverat
1299 2022 1330 2080 in
1344 2022 1492 2101 aliumque
1506 2024 1640 2084 ordinem
1659 2027 1743 2086 rede-

132 2129 233 2188 neque
247 2110 338 2167 ullum
354 2107 410 2164 sere
423 2120 626 2182 argumentum
641 2126 820 2185 eorumquae
835 2121 914 2166 vete·
962 2120 1050 2184 gerat.
1076 2111 1172 2183 Quum
1196 2109 1275 2167 enirn
1303 2111 1510 2172 Constantinus
1532 2133 1646 2172 omnem
1673 2117 1742 2194 epi-

134 2219 182 2258 res
194 2197 329 2256 versibus
343 2208 512 2266 tractarunt,
525 2195 699 2254 intentatum
716 2195 914 2272 reliquissent,
962 2210 1153 2271 grammatum
1164 2214 1317 2255 numerum
1330 2198 1488 2256 secundum
1504 2187 1740 2275 argumeittorum

130 2287 263 2366 plurima
274 2284 535 2357 concinnaverunt,
549 2304 614 2362 quas
629 2284 727 2342 sarculi
744 2284 825 2355 vitia,
838 2284 914 2360 opti·
961 2284 1104 2342 rationem
1127 2283 1158 2341 in
1179 2284 1325 2359 generalia
1339 2284 1469 2362 quaedam
1492 2286 1585 2363 capita
1600 2287 1737 2364 digessis-

131 2395 179 2434 nto
199 2375 307 2451 cuique
324 2373 513 2444 inltaerentia,
531 2373 630 2432 multis
652 2371 812 2432 virtutibus
834 2392 913 2430 cout-
961 2385 1023 2444 set,
1038 2373 1077 2430 ita
1087 2385 1120 2430 ut
1134 2375 1329 2445 dedicatoria,
1343 2381 1485 2447 satyrica,
1505 2383 1663 2446 narratoria,
1680 2399 1743 2437 corr-

131 2475 301 2542 pensarum.
328 2466 408 2519 Inter
436 2480 511 2539 quos
540 2460 687 2535 homines,
713 2480 774 2518 nou
802 2461 915 2536 ingenii
964 2464 1067 2518 rivalta
1103 2473 1256 2539 ceteraque
1290 2461 1415 2539 junctim
1448 2463 1627 2539 legerentur,
1661 2467 1742 2525 nullo

131 2567 240 2610 tantum
255 2550 402 2626 elegantia
423 2561 452 2607 et
473 2550 654 2622 eruditione,
680 2549 731 2608 scd
748 2547 914 2608 bonoribus
961 2563 1099 2628 praeterea
1113 2548 1173 2608 alio
1187 2549 1356 2610 discrimine
1371 2550 1535 2619 allaximus
1553 2551 1697 2613 Planudes
1715 2569 1743 2614 et

130 2658 248 2716 quoque
269 2650 298 2695 et
322 2638 392 2694 vitae
416 2636 573 2714 splendore
593 2637 744 2712 insignes,
768 2640 914 2696 onraras
962 2637 1105 2698 librorum
1121 2639 1255 2698 ordinem
1269 2640 1436 2697 immutavit
1450 2653 1480 2697 et
1494 2641 1627 2716 singulos
1649 2642 1742 2702 libros

132 2727 306 2803 llyrinaeus,
327 2723 366 2781 ob
378 2722 456 2801 juris
476 2723 574 2783 civilis
597 2723 809 2801 professionem
824 2725 912 2780 Scto·
962 2727 991 2784 in
1015 2728 1145 2805 plurima
1164 2727 1260 2806 capita
1280 2727 1451 2806 discerpsit,
1469 2741 1591 2806 excepto
1617 2732 1741 2809 septimo

132 2818 245 2871 tosticus
259 2812 371 2882 dictus,
382 2830 419 2869 ne
433 2811 496 2869 laeta
510 2811 561 2870 illa
573 2823 633 2870 tum
645 2811 691 2869 sui
707 2824 767 2869 tum
782 2812 915 2888 proxime
961 2814 1012 2892 qui
1039 2824 1179 2874 amatoria
1206 2817 1403 2896 complectens
1426 2815 1664 2877 distributionem
1691 2838 1744 2897 per

130 2899 327 2960 antecedentis
349 2899 448 2958 sacculi
465 2901 567 2959 messis
586 2899 734 2970 interiret,
752 2918 814 2958 eam
830 2901 914 2976 quasi
961 2903 1042 2964 locos
1057 2923 1225 2964 communes
1245 2905 1342 2964 minus
1371 2903 1492 2964 ferebat.
1517 2904 1653 2964 Ceterum
1674 2905 1741 2965 Pla·

131 2992 161 3048 in
176 2989 314 3048 horreum
336 2987 460 3061 inferre,
475 2990 505 3048 id
518 3002 580 3063 est,
593 2989 628 3048 ad
648 2988 786 3065 Meleagri
803 2988 916 3068 Philip·
962 2991 1053 3050 nudes
1075 2993 1106 3050 io
1131 2992 1188 3051 hoc
1210 3011 1299 3071 opere
1321 2991 1401 3070 quod
1425 2989 1590 3070 Ἀνθολογίαν
1613 2992 1742 3073 διαφόρων

132 3080 223 3156 pique
246 3078 389 3135 rationem
408 3078 605 3137 recentiorum
628 3089 780 3156 poetarum
802 3077 912 3135 florile-
961 3079 1171 3157 ἐπιγραμμάτων
1189 3080 1357 3158 inscripsit,
1376 3079 1448 3137 nihil
1468 3080 1549 3138 aliud
1563 3082 1621 3155 egit
1634 3081 1690 3139 nisi
1712 3095 1744 3140 ut

132 3168 215 3242 glum
228 3166 352 3224 condere
361 3166 500 3238 instituit,
511 3168 551 3225 ita
563 3180 669 3238 tamen,
685 3179 841 3224 utomnem
855 3186 913 3224 ma·
960 3167 1144 3227 Constantini
1159 3181 1310 3246 syntagma
1322 3170 1353 3226 in
1364 3167 1570 3244 compendium
1586 3167 1740 3243 redigeret.

132 3256 239 3312 teriam
269 3253 423 3313 secundum
454 3268 689 3330 argumentorum
717 3254 914 3313 diversitatem
962 3254 1076 3314 Exalio
1094 3255 1171 3314 euim
1191 3255 1269 3314 fonte
1288 3275 1347 3314 non
1369 3253 1481 3325 bausit,
1497 3252 1555 3310 nisi
1570 3251 1648 3328 quod
1663 3251 1742 3312 libro

131 3344 162 3400 in
187 3344 287 3422 plures
307 3340 399 3400 libros
422 3342 577 3420 digereret.
604 3343 695 3412 Quam
715 3343 913 3400 collectionem
960 3356 1065 3420 quarto
1081 3343 1223 3421 plurimas
1237 3341 1366 3401 habetin
1378 3352 1498 3412 statuas,
1511 3337 1740 3416 tabulas'pictas,

132 3430 241 3490 Κύκλου
272 3429 390 3487 nomine
414 3429 581 3506 inscripsit,
609 3430 697 3501 banc,
726 3443 757 3487 ut
781 3429 909 3503 videtur,
960 3429 1076 3506 aliaque
1105 3430 1176 3488 artis
1202 3449 1310 3508 opera,
1333 3447 1459 3507 quorum
1490 3431 1522 3486 in
1558 3425 1742 3486 Constantini

130 3519 170 3577 ob
191 3537 325 3596 causam,
341 3519 421 3595 quod
435 3532 585 3597 poctarum
608 3518 644 3576 ab
662 3520 727 3596 ipso
742 3519 912 3596 compilato·
962 3537 1069 3596 opere,
1086 3518 1172 3595 quale
1190 3517 1246 3575 boc
1265 3518 1296 3577 in
1315 3517 1456 3576 Palatinis
1478 3513 1659 3574 membranis
1681 3533 1743 3572 ser-

130 3628 195 3666 rum
224 3607 347 3666 nomina
368 3609 409 3666 ita
430 3608 644 3685 implicarer-at,
673 3620 703 3664 ut
724 3627 754 3666 se
778 3619 913 3684 tanquam
961 3620 1060 3664 vatum
1078 3604 1236 3678 habemus,
1259 3606 1373 3664 nullum
1391 3617 1435 3664 est
1458 3603 1641 3680 vestigium:
1667 3601 1744 3660 uude

129 3699 158 3756 in
171 3699 287 3776 κυκλικῇ
301 3697 395 3776 χορείᾳ
408 3697 509 3754 eodem
533 3715 648 3773 semper
670 3694 776 3753 ordine
790 3695 913 3774 excipe·
960 3695 1144 3773 suspicamur
1154 3692 1313 3752 Planudem
1322 3693 1404 3752 illius
1414 3691 1597 3768 dnthologiae
1606 3688 1743 3749 babuisse

129 3799 205 3845 rent.
221 3785 284 3844 lloc
302 3785 474 3856 consiliunt,
491 3784 678 3861 capitumque
690 3783 720 3842 in
738 3803 803 3859 quae
820 3796 912 3842 totum
959 3784 1124 3859 exemplum
1138 3802 1198 3850 uno
1220 3782 1276 3840 boc
1291 3780 1327 3839 de
1341 3781 1411 3839 artis
1426 3779 1565 3858 operibus
1581 3778 1676 3857 capite
1696 3798 1744 3836 au·

128 3895 204 3953 opus
224 3873 404 3951 descriptum
420 3884 481 3943 est,
497 3872 627 3930 etunius
649 3871 791 3948 cujusque
813 3873 914 3950 capitis
960 3873 1034 3930 etius
1049 3873 1098 3949 (ἢ.
1118 3870 1252 3929 Ceterum
1273 3888 1409 3944 magnum
1429 3869 1669 3946 epigrammatum
1688 3886 1742 3925 nu·

128 3971 334 4039 argumentum
374 3961 511 4036 Agatlrias
537 3960 673 4038 exposuit
703 3959 733 4016 iu
768 3961 913 4036 prooemio
962 3980 1075 4019 merum
1092 3959 1211 4030 omisit,
1226 3971 1253 4015 et
1266 3957 1401 4034 quidem,
1417 3969 1521 4032 praeter
1527 3958 1665 4032 puerilem
1677 3957 1743 4011 Ma·

128 4051 209 4128 quod
235 4050 356 4128 corpori
377 4069 394 4107 a
413 4069 444 4108 se
459 4048 598 4123 conflato,
623 4060 654 4105 ut
673 4046 816 4122 llleleager
841 4047 912 4105 olim
960 4069 1021 4105 sam
1052 4047 1212 4117 Stratonis,
1238 4045 1338 4104 omnia
1364 4063 1428 4120 quae
1454 4042 1619 4101 lascivioris
1645 4055 1741 4100 essent

128 4154 155 4197 ct
174 4137 333 4216 Philippus
347 4138 546 4209 coronissuis,
561 4135 688 4214 pt·aelixit
705 4134 750 4214 Γ).
960 4133 1139 4210 argumenti,
1168 4147 1228 4191 tunt
1254 4150 1318 4206 quae
1350 4128 1389 4187 ob
1414 4131 1564 4204 graviores
1592 4127 1740 4203 scripturae

167 4227 266 4296 Quum
279 4225 359 4303 jatn,
375 4237 479 4304 praeter
494 4224 635 4283 Stratonis
656 4236 684 4282 et
699 4223 838 4298 Diogenis
853 4223 914 4279 col·
960 4222 1185 4298 depravationes
1208 4217 1285 4275 haud
1308 4216 1393 4274 facile
1415 4225 1533 4293 possent
1554 4212 1687 4287 intelligi.
1708 4212 1739 4269 Si

130 4315 290 4386 lectiones,
307 4314 363 4373 tria
376 4326 523 4372 exstarent
536 4313 778 4390 epigrammatum
795 4309 914 4369 Florile·
960 4307 1032 4384 quid
1047 4319 1142 4364 autent
1163 4303 1210 4361 vel
1226 4321 1262 4360 cx
1281 4301 1338 4359 hoc
1352 4302 1399 4359 vel
1420 4319 1456 4356 ex
1478 4300 1568 4356 altero
1584 4315 1688 4372 genere
1710 4298 1741 4354 in

129 4404 194 4480 gia,
208 4402 446 4480 antiquissimum
460 4415 553 4480 poetae
563 4400 709 4458 Gadareni
719 4444 726 4472 ,
737 4399 833 4457 etduo
845 4399 913 4474 alia,
961 4394 1093 4452 ordinem
1109 4392 1234 4468 recepit,
1245 4388 1332 4448 iubis
1344 4389 1517 4464 plerumque
1529 4383 1620 4442 verba
1633 4383 1743 4442 lasciva

131 4491 219 4568 bajus
234 4504 373 4567 tanquam
396 4490 613 4568 supplementa,
634 4488 766 4566 Philippi
787 4501 816 4544 et
841 4488 915 4564 Aga·
961 4498 989 4543 ct
1003 4482 1209 4540 obscenarum
1224 4477 1402 4537 castioribus
1420 4473 1627 4545 commutavit,
1643 4473 1673 4530 in
1690 4473 1742 4530 de·

130 4580 217 4656 thiae,
232 4579 320 4638 lertio
334 4591 401 4656 post
414 4576 564 4654 dgatbiam
577 4577 700 4650 saeculo,
711 4597 770 4653 (pro
786 4589 915 4652 tempore
961 4571 1092 4651 pravatis
1109 4583 1204 4627 autem
1228 4566 1320 4626 rerba
1341 4577 1480 4642 corrupta
1505 4575 1554 4620 aut
1574 4561 1674 4620 omisit
1695 4573 1744 4620 aut

983 4681 1016 4719 ru
1043 4659 1125 4716 virili
1156 4677 1209 4715 sua
1240 4667 1323 4733 parte
1354 4651 1508 4711 emendare
1535 4662 1654 4708 carnatus
1688 4662 1739 4709 est.

160 4731 194 4791 ‘fl
218 4725 353 4808 [mimda
365 4728 405 4777 ⁰⁸²
423 4725 545 4809 '’4²²⁰“ae
565 4727 603 4776 Μ
617 4725 736 4776 panadu
754 4724 913 4802 ⁰¹¹¹gs³¹¹¹¹l¹³'
961 4748 1057 4817 Quum
1081 4757 1175 4803 autem
1200 4757 1333 4802 nentrum
1358 4740 1463 4798 horum
1487 4739 1515 4796 ei
1529 4737 1600 4796 satis
1622 4737 1743 4796 feliciter

127 4805 183 4849 tunt
194 4799 308 4848 collectio
317 4835 323 4859 ,
332 4797 364 4848 de
374 4811 425 4862 qua
438 4797 495 4848 ude
504 4799 642 4848 lleclterutn
656 4795 688 4846 ad
701 4809 754 4859 cap.
771 4796 828 4856 vtt,
839 4805 914 4856 epigr.

127 4873 185 4928 339,
195 4867 261 4917 intra
273 4880 299 4930 p.
311 4871 365 4918 ist.
379 4868 458 4918 Etiam
469 4867 591 4918 Leonidae
603 4865 777 4918 Alexandrini
791 4865 915 4926 ἰσοψήοων
1447 4924 1452 4936 Ι
1643 4922 1649 4934 Ι

126 4941 152 4987 ct
167 4936 306 4988 Nicodemt'
325 4939 486 4990 Heracleotae
495 4939 695 5003 ἀντιστριφὸντων
704 4936 860 4988 collectiones
873 4948 914 4985 et·
994 4932 1026 4997 (a)
1045 4931 1106 4996 [sui
1121 4929 1209 4980 similis
1230 4927 1371 4978 ltarduinus
1386 4926 1411 4975 in
1428 4925 1467 4974 lus
1489 4923 1681 5004 quaeubuhenus
1698 4935 1744 4971 suo

127 5007 222 5072 stitisse
235 5006 367 5071 ridentur,
380 5007 411 5058 de
424 5006 516 5072 quibus
531 5005 660 5070 Weigsnd.
672 5020 697 5070 p.
712 5011 766 5064 565,
778 5011 832 5054 stu.
845 5002 914 5056 ldcut
961 5002 1071 5065 exemplo
1085 4998 1215 5062 adscripsit
1230 5012 1238 5050 a
1255 5017 1267 5040 a
1281 4995 1414 5047 Planudem
1428 4995 1580 5074 anthologia
1596 5005 1644 5041 nou
1655 5005 1742 5054 repur-

127 5075 159 5128 de
171 5079 293 5142 Gregorii
303 5079 428 5141 Magistri
444 5076 631 5142 inscriptionum
645 5090 661 5126 a
675 5089 702 5128 se
718 5075 803 5126 multis
817 5076 841 5125 in
853 5074 915 5126 locis
961 5077 1071 5138 gatorem
1083 5073 1179 5122 tanturn
1188 5108 1195 5132 ,
1205 5072 1236 5118 ut
1249 5068 1322 5131 uulgo
1340 5067 1443 5131 putant,
1461 5064 1504 5145 sed
1518 5075 1600 5142 venus
1616 5065 1744 5113 auctorem

129 5141 285 5211 repertarum
293 5147 436 5200 codectioue
453 5147 517 5199 dixit
534 5160 559 5212 p.
579 5151 634 5209 tot,
649 5161 705 5200 eum
720 5147 828 5198 Heclero
841 5147 915 5196 Com·
963 5143 1079 5194 credebat
1096 5144 1136 5192 lo.
1151 5139 1308 5201 llarduinus,
1323 5140 1378 5188 Soc.
1390 5139 1441 5186 ies.
1461 5133 1523 5184 Vide
1542 5145 1595 5192 etus
1609 5135 1681 5195 oper.
1700 5136 1742 5182 Se·

129 5223 205 5273 nent.
218 5221 275 5272 crit.
291 5223 311 5284 1,
324 5233 348 5284 p.
364 5225 407 5271 tuo
417 5219 502 5286 seqq]
963 5215 1018 5264 lect.
1034 5228 1058 5277 p.
1074 5216 1128 5263 tat.
1141 5212 1170 5275 ι]
