3938 5950
182 345 259 404 ’296

236 689 312 770 φασὶν
329 691 503 764 ἐποικτεῖραι,
520 684 564 741 καί
579 682 636 740 τόδε
651 683 747 760 φάσθαι
762 681 835 748 ἔπος·

197 809 207 830 ν
223 781 348 849 Παῦσαι,
362 773 427 850 μηδὲ
443 770 540 852 ῥάπιζ’,
552 769 624 841 ἐπειή
641 771 715 848 φίλου
731 767 819 848 άνίρος
834 768 888 826 ἔστί

236 894 247 920 u
265 864 356 944 ψυχὴ,
371 859 418 932 τήν
432 861 522 938 ἔγνων,
538 857 713 937 φθεγξαμένης
728 855 803 914 αἰίων.
821 885 832 907 ι

351 1002 416 1051 121.
440 990 659 1050 ΔΙΟΓΕΝΟΥΣ
681 987 819 1046 ΛΑΕΡΤ.

194 1127 234 1184 Ol
250 1123 324 1200 μόνος
336 1123 459 1203 ἐμψύχων
472 1123 567 1200 ἄπεχες
578 1119 673 1199 χέρας,
685 1117 753 1176 iiii
765 1117 809 1176 καί
820 1116 908 1193 ἡμεῖς·

235 1213 273 1278 τίς
285 1209 335 1290 γάρ
345 1209 372 1276 le
384 1210 510 1290 ἐμψύχων
523 1207 622 1286 ἥψατο,
634 1207 790 1285 Πυθαγόρη;

197 1303 254 1359 ἀλλ’
267 1298 329 1356 όταν
342 1301 425 1377 ἑψηθῇ
441 1319 465 1354 τι
480 1297 524 1352 καί
536 1297 637 1371 ὀπτηθῇ
649 1292 694 1351 καί
710 1293 802 1371 ἁλισθῇ

236 1385 267 1456 δή
281 1385 339 1442 τότε
353 1383 398 1442 καὶ
412 1381 497 1462 ψυχήν
510 1383 556 1440 οὐκ
567 1381 625 1461 ἔχον
640 1382 768 1457 ἐσθίομεν.

454 1518 514 1567 122.
535 1520 594 1566 ΤΟΥ
612 1519 718 1564 ΑΥΤΟΥ.

134 1665 137 1670 ·
197 1640 269 1708 nini,
281 1635 435 1713 Πυθαγόρης
449 1636 474 1693 τί
485 1635 559 1692 τόσον
572 1637 686 1708 κυάμους
700 1631 846 1704 ἐσεύάσθη,

236 1724 280 1782 καὶ
301 1723 361 1782 θάνε
373 1727 507 1803 φοιτηταῖς
518 1723 623 1800 ἄμμιγα
637 1730 690 1789 τοῖς
704 1721 791 1792 ἶδίοις;

197 1811 301 1889 Χωρίον
315 1801 346 1881 ήν
361 1809 478 1885 κυάμων·
491 1807 535 1868 ἵνα
551 1810 588 1887 μὴ
603 1808 707 1875 τούτους
720 1807 747 1867 δὲ
758 1807 864 1886 πατήσῃ

237 1899 262 1966 ἐξ
274 1899 480 1978 Ἀκραγαντίνων
493 1897 599 1957 κάτθαν’
615 1899 652 1956 ἐνὶ
664 1897 768 1977 τριόδῳ.

424 2025 425 2030 ’
456 2029 516 2080 123.
537 2032 597 2077 ΤΟΥ
615 2032 722 2078 mor.

198 2144 250 2204 list
262 2143 293 2202 σύ
308 2143 587 2219 ποτ’,Ἐμπεδόκλεις,
600 2145 671 2222 διερῇ
684 2141 759 2222 φλογὶ
775 2145 851 2217 σῶμα
863 2142 979 2221 καθήρας

237 2235 289 2309 πῦρ
301 2231 353 2290 άπὸ
363 2229 500 2310 κρητήρων
513 2228 600 2295 ἔκπιες
615 2230 752 2287 ἀθάνατον·

197 2319 244 2377 οὒκ
254 2317 319 2397 ἐρέω
332 2320 355 2375 δ’
367 2317 407 2376 ὅτι
418 2317 512 2375 σαυτὸν
525 2317 590 2374 ἑκὼν
605 2316 683 2395 βάλες
694 2319 718 2382 ἐς
732 2315 788 2396 ῥόον
803 2316 915 2388 Λίτνης,

239 2404 306 2464 ἀλλά
320 2408 406 2463 λαθεῖν
424 2404 518 2461 itlius
533 2402 644 2478 ἔμπεσες
657 2405 703 2462 οὐκ
718 2403 820 2462 ίθίλων.

458 2533 518 2582 124.
539 2535 598 2580 ΤΟΥ
615 2534 721 2583 mor.

199 2646 252 2708 Nol
268 2645 319 2722 μήν
334 2644 522 2721 Ἐμπεδοκλῆα
537 2645 621 2704 θανεῖν
634 2646 709 2721 λόγος
722 2644 757 2712 ὥς
769 2645 827 2704 ποτ’
840 2645 941 2724 ἀμάξης

240 2732 349 2803 ἔκπεσε,
364 2731 409 2789 καλ
425 2731 507 2808 μηρὸν
523 2730 659 2790 κλάσσατο
674 2730 810 2811 δεξιτερόν·

199 2824 222 2879 el
235 2819 262 2880 ll
277 2818 358 2899 πνρδς
371 2823 504 2898 κρητῆρας
516 2817 629 2889 ἐσήλατο
639 2818 683 2876 καί
697 2818 741 2876 πίε
753 2819 782 2876 τὸ
794 2823 852 2899 ζῇν,

238 2911 294 2973 πῶς
308 2906 339 2964 ἂν
356 2906 391 2966 ἔτ’
407 2910 432 2965 ἐν
448 2905 584 2984 Μεγάροις
600 2905 716 2963 δείκνυτο
730 2909 802 2965 τοῦδε
819 2907 915 2988 τάφος;

480 3043 542 3092 125.
563 3044 702 3090 sunnon.

199 3159 271 3220 Εἴτε
285 3157 466 3240 παραλλάσσει
480 3159 581 3239 φαέθων
599 3157 680 3235 μίγας
692 3157 763 3226 ἅλιος
778 3159 892 3240 ἄστρων,

240 3249 284 3309 καλ
296 3248 388 3314 πόντος
403 3251 529 3324 ποταμῶν
546 3247 641 3324 μείζον’
655 3247 711 3325 ἔχει
722 3247 838 3325 δύναμιν,

201 3337 268 3416 popl
284 3343 404 3396 τοσοῦτον
418 3334 469 3414 ἐγὼ
484 3335 561 3416 σοφίη
573 3335 693 3415 προέχειν
708 3335 889 3416 Ἐπίχαρμον,

473 3573 528 3606 roo.
546 3573 712 3619 αιιιοειιπιν,

528 3649 558 3698 de
570 3651 661 3701 eodem.

201 3747 332 3800 indoluisse
345 3761 427 3796 eonem
441 3754 551 3812 quateret
563 3763 617 3797 eum
631 3748 730 3797 [ustibus
743 3749 805 3798 ulter

234 3831 338 3892 Dicitur,
352 3837 376 3877 et
388 3828 447 3879 tiles
458 3844 500 3877 oue
514 3829 604 3879 dedisse
616 3845 700 3881 sonos:

202 3913 242 3966 nh
255 3929 329 3979 rogo,
344 3927 375 3962 ne
386 3912 441 3962 steri
455 3929 461 3962 :
475 3912 549 3962 nostri
562 3929 665 3978 nemque
678 3914 721 3964 ista
734 3915 820 3964 sodalis

234 4002 275 4048 Est
290 3996 368 4048 anima
382 4012 388 4048 :
401 3996 517 4047 indicium
531 4014 576 4048 νοτ
591 3997 647 4048 lucit
659 3999 709 4064 ipsa
724 3999 792 4051 nulii.

437 4115 491 4148 121.
507 4115 620 4148 DIOGENIS
638 4116 752 4162 usserii,

526 4195 555 4245 de
569 4197 660 4248 eodem.

201 4309 308 4368 Tingere
323 4319 372 4353 nou
386 4304 449 4353 solus
462 4303 566 4369 trepidas
580 4305 699 4362 animata,
711 4304 750 4354 sed
765 4315 788 4355 et
801 4321 862 4358 nos:

235 4386 297 4432 Ilum
310 4383 363 4446 quis
374 4381 427 4431 νίνε
440 4383 496 4431 velit
511 4383 638 4445 mandere,
654 4382 802 4448 Pythagora?

203 4463 248 4512 Sed
262 4462 331 4511 simul
343 4479 371 4511 ue
384 4464 469 4512 salsum
481 4463 542 4525 luit,
554 4463 691 4527 elixumque
702 4465 737 4512 rel
749 4480 841 4526 ussum,

236 4549 298 4594 'lum
311 4544 406 4594 demum
422 4545 484 4593 rictu
494 4544 612 4610 pascimur
623 4546 735 4594 exanimi.

499 4658 553 4691 ιτα.
573 4658 691 4700 uusnur,

530 4737 560 4787 de
577 4736 668 4789 eodem.

205 4839 274 4893 Eheu
286 4835 424 4906 Pythagorei
434 4835 567 4886 reverentis
582 4844 648 4886 tanta
662 4835 769 4886 liberum
855 4827 857 4831 ¹

240 4925 289 4974 Cur
301 4919 356 4982 luit,
369 4929 394 4969 ut
405 4927 503 4986 pereunt
516 4927 542 4967 ut
554 4927 614 4982 suta,
626 4919 660 4968 sie
673 4919 757 4986 periit!

205 5005 243 5057 lle
253 5004 356 5063 calcaret
365 5016 445 5066 iprum
458 5008 590 5066 portantem
606 5001 653 5050 isle
665 5001 786 5066 legumen,

240 5087 334 5137 Occidit
346 5087 370 5136 in
384 5085 459 5135 triviis
472 5099 501 5134 ex
511 5087 643 5148 derogante
655 5101 735 5136 manu.

759 328 1013 391 insumuntur:
1036 293 1236 386 elusini:

421 482 468 531 ιο.
492 467 764 528 Ξενοσινονε.

196 603 250 664 Καί
263 601 326 662 ποτέ
341 625 384 678 μιν
398 596 611 677 στυφελιζομένου
626 593 755 659 σκύλακος
769 591 895 668 παριόντα

1274 476 1323 521 120,
1344 468 1547 518 XENOPIIANIS.

1021 598 1051 646 Et
1063 593 1217 652 sensilium,
1232 589 1449 654 quum-rupulsret
1463 588 1571 648 catulus,
1586 587 1778 650 pretereuntem

1051 681 1136 731 mount
1145 679 1344 728 miseritumesse
1356 678 1428 739 ejsu,
1443 678 1467 725 et
1479 675 1525 724 hoo
1535 673 1639 724 edidisse
1649 674 1751 724 verbum
1763 695 1769 723 ι

1022 789 1034 814 ι
1048 769 1150 828 θεείου,
1164 780 1212 816 neu
1226 764 1346 828 virgi-leri
1355 803 1361 824 ‚
1371 763 1485 826 quonlam
1496 761 1568 811 sinici
1578 763 1623 812 riri
1632 766 1670 812 ost

1053 878 1064 901 ιι
1077 857 1169 918 ummo,
1181 868 1255 918 quun
1264 853 1364 918 agnovi,
1377 852 1518 914 loquentem
1528 849 1638 900 audiens.
1651 870 1662 892 ν

1235 991 1285 1035 121.
1304 983 1451 1032 DIOGENIS
1468 983 1602 1031 LAEllTll.

1020 1120 1074 1168 Non
1086 1117 1154 1168 solus
1162 1115 1321 1166 iub-animulis
1329 1112 1467 1164 abstinuisti
1480 1124 1580 1172 munus,
1589 1109 1634 1160 sed
1643 1113 1668 1161 el
1679 1124 1739 1171 οοες

1051 1204 1107 1268 quis
1115 1205 1179 1254 enim
1189 1202 1278 1265 estqui
1289 1201 1395 1251 animatu
1402 1199 1490 1262 tetlgIt,
1501 1213 1516 1247 o
1531 1198 1683 1262 Pythagora?

1021 1292 1064 1342 sed
1075 1291 1115 1341 ubi
1124 1290 1184 1355 quid
1193 1290 1281 1340 ellium
1291 1292 1329 1338 est
1340 1291 1365 1338 ei
1378 1289 1471 1336 tostum
1482 1288 1506 1336 et
1519 1285 1712 1349 mle-sparsum,

1053 1380 1160 1445 prolecto
1173 1382 1233 1429 tune
1242 1377 1348 1427 animum
1359 1389 1406 1424 non
1415 1372 1508 1423 babens
1517 1373 1622 1424 edimus.

1299 1513 1350 1556 122.
1374 1514 1522 1556 irrisum.

1022 1633 1092 1689 ileu,
1105 1629 1167 1688 beu,
1180 1626 1327 1690 Pythagoras
1336 1623 1395 1686 quid
1404 1625 1500 1674 tantum
1511 1623 1607 1687 lupinos
1616 1627 1802 1684 veneratus-est,

1055 1721 1079 1768 et
1092 1717 1152 1767 obiit
1161 1715 1293 1778 discipulos
1303 1713 1366 1762 inter
1377 1712 1505 1776 proprios?

1024 1810 1087 1868 Ager
1101 1807 1153 1854 erni
1163 1803 1303 1866 lupinorum
1316 1819 1323 1849 :
1338 1813 1369 1849 ne
1378 1799 1451 1862 igitur
1464 1803 1595 1863 inpressos
1607 1812 1650 1850 eos
1660 1799 1780 1858 calcaret,

1054 1889 1252 1954 ubigrlgentiuis
1261 1879 1525 1938 oooisusesllntrivlo,

1307 2025 1359 2069 12³.
1382 2027 1530 2068 EIUSDEM.

1025 2154 1093 2202 uttu
1107 2150 1207 2211 olim,o
1221 2149 1392 2213 Empedocles,
1402 2147 1485 2212 rapide
1495 2147 1591 2196 natnmu
1604 2144 1805 2208 eorpusutpuri·

1058 2243 1137 2305 ignem
1151 2255 1165 2290 e
1178 2240 1311 2302 crateribus
1324 2240 1420 2290 ebibisti
1434 2237 1595 2288 immortalem
1610 2258 1616 2286 ι
1720 2235 1804 2298 [iculi

1027 2343 1074 2380 non
1085 2329 1164 2378 dicum
1173 2330 1256 2379 autern
1265 2331 1289 2378 te
1300 2330 1363 2380 ultro
1373 2328 1496 2378 insiluisse
1504 2327 1528 2375 in
1537 2325 1670 2376 undantem
1679 2326 1790 2384 AEtuom,

1058 2415 1102 2466 sod
1114 2417 1189 2466 lutere
1198 2415 1282 2466 volens
1291 2415 1395 2465 incidisti
1407 2429 1455 2464 non
1463 2414 1555 2464 volens.

1303 2529 1355 2575 124.
1379 2534 1529 2576 EIUSDEM.

1027 2659 1088 2708 Sane
1100 2670 1159 2707 vero
1170 2657 1322 2720 Empedoclis
1333 2656 1451 2722 demone
1464 2657 1528 2706 lurni
1539 2657 1585 2716 est,
1598 2651 1666 2718 quod
1677 2650 1805 2716 aliquando

1058 2744 1192 2806 exciderlt,
1202 2747 1227 2795 et
1239 2759 1295 2794 crue
1304 2744 1456 2808 sibi-fregerit
1463 2743 1583 2795 dextrum
1712 2739 1803 2805 [curru

1029 2839 1058 2888 st
1067 2836 1088 2885 si
1099 2836 1161 2900 ignis
1168 2836 1310 2886 inemteras
1319 2835 1410 2886 insiluit
1419 2837 1445 2885 et
1452 2838 1488 2885 sle
1500 2835 1562 2885 bibit
1570 2834 1662 2894 vrum,

1059 2929 1102 2990 qut
1113 2925 1194 2976 adbuc
1207 2925 1310 2988 Megaris
1318 2925 1487 2975 ostenderetur
1495 2921 1570 2988 hujus
1583 2921 1739 2987 sepulcrum?

1311 3059 1362 3104 125.
1386 3064 1523 3106 incurri.

1028 3175 1122 3237 Siquid
1136 3179 1236 3238 superat
1247 3175 1344 3225 lucidus
1360 3187 1463 3238 megrrus
1477 3173 1512 3223 sol
1526 3173 1603 3232 utra,

1063 3265 1088 3312 et
1100 3263 1189 3325 pontus
1203 3263 1341 3314 lluminibus
1355 3261 1471 3324 majorem
1483 3259 1558 3310 iubet
1571 3259 1638 3319 rim,

1028 3351 1241 3400 sssererotmtum
1247 3343 1798 3414 egosapieutleeeterossnteimsspiebmum

1322 3565 1376 3614 123.
1395 3579 1515 3624 trusum,

1323 3670 1353 3719 de
1367 3669 1517 3738 Empedocle.

1031 3783 1060 3828 Et
1072 3780 1117 3829 tibi
1130 3780 1161 3829 ub
1174 3781 1268 3831 eternis
1280 3781 1374 3830 flumme
1388 3789 1423 3830 est
1434 3780 1566 3830 crateribus
1579 3779 1678 3842 brusts,

1060 3863 1213 3927 Empedocles
1227 3878 1235 3914 ε
1253 3862 1300 3927 igni
1312 3863 1419 3912 membra
1431 3863 1494 3927 piato
1505 3861 1558 3911 ribi.

1029 3945 1083 3992 Nou
1098 3943 1150 3993 dieo
1164 3945 1228 4009 quod
1237 3953 1322 4010 sponte
1337 3953 1376 3994 tua
1390 3952 1415 3993 te
1426 3944 1534 4009 injeceris
1543 3947 1637 3992 AEtnam
1651 3959 1658 3994 ε

1061 4028 1149 4090 Ιαμευε
1161 4041 1189 4074 eo
1203 4042 1228 4075 m
1240 4027 1336 4088 nolens,
1351 4025 1422 4076 eredo
1434 4026 1508 4075 lutere
1521 4024 1611 4076 rolens.

1323 4150 1378 4196 rot.
1398 4157 1522 4202 renonent,

1352 4244 1382 4294 de
1394 4244 1485 4299 eodem.

1029 4352 1195 4418 Empedoclem
1205 4351 1295 4419 lapsum
1306 4367 1378 4401 eorm
1389 4351 1435 4401 len
1447 4351 1507 4400 lima
1522 4349 1626 4416 perisse,

1061 4440 1172 4499 Fregerat
1184 4446 1211 4486 ut
1222 4436 1332 4486 dextrum
1348 4451 1408 4485 suess
1422 4435 1492 4485 ruina
1502 4435 1587 4484 lemur.

1027 4517 1051 4569 Si
1066 4533 1122 4567 rere
1131 4518 1204 4567 ritum
1217 4517 1279 4567 bibit
1290 4535 1319 4566 ex
1334 4518 1467 4568 crateribus
1480 4523 1571 4577 AEtnae,

1061 4601 1111 4648 Cur
1120 4599 1237 4648 tumulum
1250 4599 1316 4649 illius
1328 4600 1447 4649 cernimus
1460 4599 1485 4648 in
1498 4598 1621 4663 Megaris?

1325 4717 1380 4765 125.
1397 4731 1512 4778 τποιιιπε,

1320 4811 1350 4861 de
1364 4812 1518 4882 Epielmrmo.

1028 4917 1111 4971 Sidere
1121 4918 1157 4968 sol
1164 4928 1279 4985 quintum
1289 4919 1361 4984 reguli
1370 4919 1460 4969 lumine
1470 4917 1558 4980 vineit,

1062 5005 1093 5052 itt
1107 5011 1196 5068 quanto
1207 5002 1282 5068 pelugi
1295 5001 1392 5052 llumlne
1406 5003 1482 5067 major
1491 5017 1552 5067 equs
1567 5007 1618 5060 ατη

1030 5087 1107 5134 'rento
1119 5085 1170 5135 aliis
1180 5087 1255 5150 major
1266 5086 1412 5152 sapientibus
1424 5094 1459 5134 est
1471 5083 1641 5151 Epicharmus.
