3914 5948
273 420 332 482 160
570 430 572 438 “
834 415 1088 478 ANTHOLOGIAE
1110 415 1312 478 Penatium

273 553 310 600 έιτὶ
321 554 382 610 ξένης
398 550 619 608 romericensem
636 548 702 598 Plan.
720 549 811 607 όόηλον.
829 579 857 589 -
875 553 894 598 i.
917 569 928 590 ι
946 548 1055 606 Quodis
1076 558 1080 609 ι
1104 549 1216 600 iloruisse
1227 548 1303 600 uideri
1318 549 1408 613 potest.
1423 547 1563 600 §mundum
1575 547 1641 599 huuc
1653 549 1828 613 imperatorem
1841 553 1885 600 iia-

272 621 315 683 qul
329 619 438 683 loquitur
451 624 541 669 terram
563 633 607 684 pro
620 624 700 672 maire
713 621 836 684 agnoscit,
852 621 975 671 bominem
987 623 1058 686 signi·
1077 614 1079 693 ζ
1101 633 1159 683 que,
1175 620 1218 684 qut
1231 621 1341 671 Ciceroni
1358 621 1491 682 catonem,
1506 621 1611 670 Ennium
1627 621 1727 684 litrgtlto
1739 621 1887 684 preferebat

272 691 331 742 treet
344 690 551 752 nuiitusgeueris,
567 693 644 741 terre
659 688 755 756 fitium.
773 691 813 741 Sto
832 692 929 742 Persius
946 695 989 755 iii,
1004 697 1033 744 57
1050 713 1056 742 ι
1077 700 1079 719 ¹
1101 694 1128 741 et
1139 693 1244 755 Ὅμηρον
1263 691 1384 742 καταλύων
1401 692 1537 754 Ἀντίμαχον
1549 691 1598 741 ἀντ’
1617 691 1690 756 αὐτοῦ
1707 693 1803 753 εἰσῆγεν
1827 693 1888 751 (θέο

271 764 409 825 progenies
426 763 512 811 terre.
532 761 615 824 Eurip.
635 763 687 811 ion.
699 767 743 812 542
756 776 762 804 ι
774 767 815 824 γῆς
830 761 866 824 dp·
881 763 1000 824 έιιιτέουιια
1015 781 1056 824 μη·
1076 744 1079 816 ἒ
1101 764 1169 812 Cass.
1179 765 1262 823 lxix,
1272 765 1312 824 i),
1324 761 1396 812 etiam
1407 761 1551 811 Parthenius
1557 759 1691 824 judicabat.
1706 781 1719 804 ν
1730 787 1762 797 -
1774 767 1795 810 i.
1809 763 1888 823 lunge

272 835 337 895 τρός,
351 833 382 881 al.
393 838 454 882 -Ἀ,
466 831 629 895 Καίνης,ᾳαω
641 847 680 884 me
689 832 804 888 nutrivit:
818 833 868 892 ἡδο,
883 845 939 895 quie
948 847 988 886 me
1002 848 1057 884 eun·
1076 821 1079 873 f
1102 834 1257 896 ααταχτύατε.
1272 833 1312 882 Sic
1329 839 1484 882 τιαταπιτταῦν
1503 834 1628 896 Εὐριπίδην
1642 845 1680 896 ap.
1699 833 1826 896 nnstopb.
1845 836 1889 882 Ee·

272 903 315 953 dit.
326 929 357 940 -
368 907 392 952 i.
402 902 486 952 Morbo
499 900 594 952 heliseo
603 903 738 968 igitursire
748 903 942 955 consternatione
956 920 986 956 ex
999 905 1058 955 solis
1102 905 1160 954 cles.
1176 909 1222 955 titt
1234 903 1325 954 dictim
1340 907 1365 953 et
1378 903 1519 966 oppositum
1529 909 1693 966 ααταχρνοοῡν
1703 905 1843 965 Εὐριπίδην.
1858 930 1889 939 -

271 973 323 1026 ictu
332 976 386 1023 orta
395 973 495 1038 periisse
504 973 609 1025 ridetur.
624 995 635 1018 ν
650 979 705 1027 tue.
964 988 969 1000 ·
1102 971 1330 1037 αμυσαρογλιόσσου
1346 974 1538 1037 superscriptum
1548 974 1573 1022 in
1592 973 1699 1034 codice,
1717 973 1763 1024 sed
1777 981 1888 1038 μυοαρον

1076 1032 1079 1105 ξ
1101 1044 1165 1095 redit
1175 1046 1281 1096 inversu
1295 1049 1320 1095 t.
1333 1050 1386 1094 -3
1399 1046 1477 1094 eticae
1488 1043 1559 1105 cod..
1571 1043 1726 1108 superposito
1735 1061 1760 1093 α.
1772 1064 1785 1086 ι
1795 1045 1889 1093 'ructor

305 1118 460 1169 cccbxxli.
474 1118 574 1166 Lemma
590 1131 596 1160 ι
612 1119 643 1172 εἰς
657 1119 775 1180 Ἀτύμνιον
790 1119 876 1182 ομοίως
891 1119 928 1168 ini
944 1119 1007 1176 ξένης
1024 1135 1058 1168 τε·
1077 1112 1078 1125 ’
1101 1124 1174 1176 κεῖνοι,
1185 1119 1268 1166 eontra
1282 1128 1382 1179 proram
1398 1115 1497 1165 iiusteri
1512 1117 1537 1165 et
1546 1118 1574 1164 L.
1588 1117 1611 1165 S.
1630 1113 1829 1165 emendationem
1841 1121 1890 1162 να·-

184 1177 186 1184 “
273 1192 426 1248 λεντήοαντα.
441 1191 535 1240 Nomen
549 1192 629 1253 poete
643 1189 667 1239 in
684 1189 773 1239 Codice
784 1192 805 1240 λ.
821 1191 934 1253 βάσσους,
952 1190 976 1238 iu
990 1189 1055 1238 Plan.
1077 1250 1079 1256 Α
1100 1206 1153 1249 νος,
1168 1185 1301 1238 Dorvtllies
1315 1187 1339 1235 in
1356 1186 1424 1236 llise.
1440 1185 1512 1235 0bss.
1531 1187 1592 1236 lter.
1607 1187 1667 1246 tii,
1678 1200 1702 1250 p.
1723 1190 1776 1236 iti.
1791 1189 1846 1242 Qua
1858 1185 1888 1234 de

274 1261 398 1311 Δσνλλίου.
408 1286 440 1297 -
451 1267 473 1310 2.
490 1279 503 1302 ιι
514 1261 626 1323 Δαίμονος
636 1297 643 1318 ,
659 1261 709 1310 tata
719 1274 775 1323 quro
789 1263 845 1324 quis
859 1261 904 1311 sibi
921 1262 1004 1311 tutura
1015 1275 1057 1324 spe
1077 1272 1079 1286 ·
1102 1257 1211 1322 emphasi
1221 1257 1368 1322 pronominis
1377 1257 1462 1311 έκεῖνος
1473 1255 1529 1306 ride
1541 1269 1596 1306 mea
1612 1256 1644 1306 ad
1654 1255 1761 1306 Tbeoer.
1778 1257 1847 1311 lti'i,
1859 1261 1888 1305 tt

273 1334 298 1380 et
321 1331 403 1379 animo
422 1328 498 1394 tingit.
512 1357 545 1368 —
563 1335 586 1380 a.
606 1329 765 1395 intelligenda
785 1332 845 1381 urbs
861 1331 928 1382 haud
943 1331 1058 1395 procula
1102 1329 1141 1378 ed.
1150 1342 1199 1379 seo.
1209 1349 1221 1372 ν
1233 1331 1263 1378 B.
1274 1356 1305 1364 -
1316 1329 1456 1390 tpiiipere
1466 1327 1526 1377 Cod.
1538 1327 1692 1391 superposito
1703 1329 1716 1376 t
1729 1329 1889 1388 (φθέγματι),

273 1403 378 1452 ‘tarento
398 1399 461 1458 site3
484 1399 585 1451 Thebas
607 1403 729 1452 Lucanas
748 1407 820 1452 roeat
842 1402 933 1453 Plinius
954 1405 998 1460 ili,
1020 1409 1055 1452 ii.
1078 1400 1080 1409 '
1102 1399 1132 1449 de
1153 1413 1202 1462 qua
1215 1399 1333 1479 varietate
1355 1398 1419 1448 oont.
1439 1411 1477 1460 ep.
1491 1401 1538 1459 70,
1552 1403 1575 1448 i.
1588 1405 1646 1448 -5
1662 1397 1731 1455 initii
1745 1396 1808 1446 cod.
1824 1410 1889 1460 apr.

275 1471 366 1522 Deinde
379 1470 461 1522 malim
474 1473 516 1520 οὐκ
529 1473 566 1521 ini
576 1473 681 1536 πρόσσω.
697 1499 728 1509 -
742 1480 765 1523 5.
781 1473 833 1522 'lini
848 1473 1016 1532 neiti,reitcto
1031 1473 1057 1521 ir·
1078 1450 1080 1516 f
1102 1483 1146 1529 m,
1161 1467 1249 1518 deinde
1268 1483 1292 1517 m
1317 1469 1395 1526 ἐπειδὴ
1416 1469 1555 1528 mutatum,
1574 1471 1600 1518 et
1616 1466 1835 1530 superscriptum:
1852 1485 1890 1530 γρ.

274 1543 306 1591 lio
318 1542 387 1602 orbo,
397 1541 610 1604 outeustosatque
621 1545 751 1592 iuteresse
760 1542 874 1601 debebat,
885 1556 992 1604 eumque
1004 1541 1058 1591 ideo
1102 1542 1162 1599 έιιίη.
1175 1569 1206 1577 -
1219 1549 1242 1590 ο.
1259 1560 1271 1583 ι
1290 1539 1379 1600 bicos,
1396 1541 1488 1599 sentes,
1507 1537 1619 1588 sentibus
1633 1538 1762 1602 oppletum
1782 1551 1888 1588 carmen.

274 1613 380 1662 rnonens
398 1612 467 1674 quasi
481 1613 559 1662 ocutis
576 1613 690 1676 priserit,
702 1612 744 1663 ille
758 1617 814 1677 post
827 1617 922 1677 patrem
940 1613 1058 1662 amissum
1079 1664 1080 1672 ,
1102 1609 1254 1660 probabilius
1277 1613 1315 1660 est
1331 1609 1432 1670 τινἰτον,
1457 1607 1473 1658 t.
1498 1620 1520 1657 e.
1540 1608 1643 1671 νότιραν,
1664 1609 1806 1669 έρόότνμιι,
1824 1608 1891 1671 quod

273 1689 391 1746 tanquam
405 1695 472 1732 ceco
484 1686 588 1733 errante.
604 1703 616 1726 ν
630 1685 687 1734 iac.
700 1710 732 1719 -
744 1692 758 1735 o
772 1685 891 1746 ὀρόαιμόν
910 1683 981 1744 (lod,
1001 1684 1057 1733 alte·
1078 1689 1080 1713 ¹
1102 1685 1222 1732 iiusioms
1235 1679 1322 1731 meluit
1334 1679 1383 1740 jam
1395 1678 1589 1742 apographorum
1599 1678 1641 1727 uni
1653 1677 1713 1728 olim
1727 1677 1891 1740 adscriptum.

274 1769 330 1806 rum
344 1753 412 1804 Plan.
429 1775 440 1796 ι
456 1754 553 1804 codicis
572 1753 822 1818 seripturalpiielpeo
837 1769 884 1804 non
903 1755 986 1804 statim
1004 1755 1058 1818 reji-
1078 1812 1081 1828 ί
1102 1752 1141 1802 sic
1161 1752 1264 1802 Plautus
1280 1752 1346 1800 Pers.
1363 1751 1409 1809 lli,
1428 1761 1463 1797 se.
1486 1753 1507 1808 i,
1524 1752 1549 1808 3,
1563 1747 1588 1797 in
1603 1745 1721 1796 oonrtdis
1739 1747 1824 1809 tangit
1850 1747 1891 1795 ie-

273 1827 371 1886 cienda,
387 1839 463 1888 quum
479 1827 528 1877 sint
541 1826 611 1890 pueri
621 1827 755 1890 comparati
766 1826 858 1885 oculis;
875 1826 931 1875 ridc
941 1827 1056 1876 Arionid.
1078 1840 1080 1882 j
1103 1824 1158 1872 tuin
1178 1824 1204 1871 et
1218 1818 1418 1885 sterquilinium.
1437 1837 1449 1860 ν
1464 1820 1522 1867 tue.
1537 1817 1635 1880 Recepit
1660 1817 1750 1874 iioiss.;
1775 1817 1892 1879 equidem

275 1902 292 1955 i,
307 1912 329 1947 e.
340 1905 378 1950 te.
393 1896 441 1946 Sed
455 1897 489 1946 sic
500 1898 615 1962 όροανιιιῷ
628 1897 665 1946 int
677 1897 742 1947 ιιαιόέ
755 1900 782 1948 et
793 1897 853 1947 τδνιν
863 1897 979 1960 όρόαλμόν
993 1897 1058 1948 idem
1079 1935 1080 1941 .
1102 1891 1126 1940 in
1140 1891 1221 1942 latinis
1230 1891 1315 1956 posui,
1331 1903 1378 1939 non
1388 1889 1412 1938 to
1423 1888 1509 1952 grecis
1519 1927 1525 1950 ,
1537 1888 1596 1951 qeta
1607 1888 1717 1938 nescitur
1728 1887 1792 1950 qeid
1805 1890 1829 1936 in
1842 1889 1891 1937 eie-

274 1969 502 2034 terestgnttlcareni.
516 1989 527 2010 ν
539 1969 570 2016 Β.
1078 1955 1081 2018 t
1102 1959 1138 2024 gis
1151 1959 1238 2011 dixerit
1246 1959 1287 2010 ille
1296 1959 1384 2009 Zeilrm.
1402 1985 1433 1994 -
1447 1962 1459 2006 7
1476 1957 1570 2008 ultimae
1582 1959 1636 2006 roci
1653 1957 1854 2021 superscriptum
1868 1961 1892 2008 in

1078 2025 1080 2045 '
1102 2029 1174 2079 cod:
1187 2048 1223 2094 γρ.
1234 2031 1313 2092 ἧσται.
1328 2055 1358 2066 -
1371 2035 1394 2080 8.
1411 2049 1423 2072 ιι
1442 2030 1529 2091 Κλοιῷ.
1544 2028 1581 2078 nd
1596 2027 1706 2091 supplicii
1718 2039 1800 2090 genus
1814 2031 1892 2091 tespi-

305 2109 474 2159 cccbxxiii.
487 2109 604 2156 Lemma:
621 2107 654 2161 αἱς
666 2107 707 2156 eie
716 2107 779 2162 τινος
794 2107 922 2165 meinaim:
934 2107 957 2156 έν
972 2105 1059 2170 Ἰταλίᾳ
1078 2099 1080 2109 “
1102 2099 1166 2148 citur
1173 2098 1232 2149 iliud
1240 2112 1292 2161 quo
1302 2098 1416 2148 Cleonem
1423 2098 1579 2149 afficiendum
1589 2103 1673 2149 censos
1685 2097 1813 2161 nnsiopn.
1825 2101 1891 2149 Sub·

273 2181 462 2237 τελευτήσαντας·
479 2179 545 2239 οἶμαι
559 2177 580 2226 δ’
592 2177 628 2225 δτι
647 2177 740 2238 σοφούς.
755 2202 785 2212 -
798 2182 820 2227 a.
836 2177 926 2235 ἠλλᾶξω
937 2176 1009 2236 cod,
1022 2177 1056 2226 al·
1102 2173 1146 2220 eei
1160 2190 1166 2218 ι
1176 2171 1388 2231 pruneriensem
1398 2173 1432 2230 τῷ
1443 2170 1503 2232 ξύλῳ
1512 2171 1551 2218 τὸν
1564 2171 1662 2232 αὐχένα·
1673 2171 1699 2219 θῒ
1711 2169 1815 2230 Lissssh'-
1827 2177 1875 2220 683
1887 2195 1892 2218 :

271 2254 354 2300 terum
372 2250 439 2299 Plan.
458 2269 470 2293 ιι
483 2252 590 2298 coroner
605 2247 720 2297 hocloco
732 2247 912 2297 ridenturesse
926 2247 1057 2296 documen·
1079 2228 1081 2305 l
1104 2242 1126 2298 ἐς
1139 2242 1277 2303 τετρημένον
1287 2241 1352 2296 titos
1362 2240 1534 2304 ἐγκαθαρμόσαι
1543 2241 1583 2290 τὸν
1593 2243 1689 2304 αὐχένα,
1698 2239 1741 2288 ubi
1750 2253 1775 2287 v·
1790 2241 1870 2304 Bergl.
1882 2267 1893 2284 ν

273 2324 328 2370 tum
338 2320 440 2380 letitie,
451 2320 628 2383 quujuvenum
640 2318 737 2368 illorum
747 2317 821 2380 gioria
832 2318 935 2380 patriam
948 2317 1058 2367 Miletum
1079 2308 1081 2370 ἶ
1103 2315 1162 2361 Juc.
1174 2312 1198 2360 in
1209 2309 1282 2370 add,
1297 2310 1354 2359 olim
1367 2309 1467 2372 rectius,
1481 2313 1557 2374 puto,
1575 2310 1751 2373 interpretatus
1760 2308 1793 2357 de
1809 2311 1895 2360 collari

273 2391 399 2441 attereret.
417 2409 428 2432 ν
443 2392 501 2440 lec.
1079 2379 1081 2407 ¹
1103 2395 1207 2442 canum,
1230 2401 1241 2424 ιι
1260 2385 1359 2446 propter
1380 2380 1490 2442 apricam
1516 2381 1701 2431 mordacitatem
1720 2383 1745 2428 et
1763 2379 1895 2442 impuden-

1079 2438 1081 2499 δ
1103 2452 1171 2501 liant.
1188 2473 1199 2494 ιι

305 2524 470 2574 cccixxiv.
482 2525 597 2572 Lemma:
607 2524 638 2576 ele
652 2524 753 2583 ναυαγὸν
767 2523 892 2578 Λυσιδίκης
901 2524 952 2570 υἱόν
968 2523 1058 2570 [luura-
1079 2532 1081 2543 ¹

274 2589 353 2654 γόραν.
366 2595 418 2638 -l
435 2592 532 2652 έιρύφόη
551 2589 612 2640 cod.
632 2592 657 2639 et
675 2590 752 2648 Plan,
768 2603 830 2638 oorr.
845 2589 948 2638 Bruncii.
959 2615 991 2625 -
1006 2589 1058 2638 id·
1080 2606 1082 2676 p
1134 2583 1323 2632 cccbxxviii.
1333 2585 1447 2632 Lemma:
1459 2585 1490 2639 εἰς
1504 2583 1746 2648 Ἰλιόόωρονξιίολααί
1757 2589 1894 2646 Διογένειαν

274 2659 421 2709 ιινοονΡλιιιι.
433 2667 485 2709 -5
495 2659 547 2707 κατ’
557 2659 654 2722 ippotae
664 2657 735 2718 cod,
746 2658 851 2707 alterum
862 2657 929 2707 Plan.
939 2684 971 2694 -
980 2663 994 2706 e
1004 2673 1059 2720 πρυ
1080 2679 1082 2702 ι
1103 2654 1144 2711 τὴν
1156 2653 1227 2702 αὐτοῦ
1242 2655 1352 2714 γαμετήν.
1382 2681 1413 2690 -
1435 2659 1444 2702 i
1468 2655 1561 2715 ἔφθανεν
1576 2656 1618 2716 (ut
1630 2655 1690 2705 Cod.
1704 2658 1713 2716 )
1727 2656 1786 2705 nidi
1808 2657 1894 2719 plana-

275 2729 444 2792 pu'rgeuccod.
453 2727 1058 2792 aSuntqulvulgonpupvnralvelnpepuieioiaiios
1103 2722 1164 2772 deut
1182 2721 1304 2787 ciltegius
1315 2721 1491 2786 planudeerum
1506 2723 1626 2787 optimus,
1641 2724 1666 2774 in
1677 2738 1729 2787 quo
1738 2725 1778 2775 bis
1787 2726 1896 2790 legitur:

276 2802 403 2859 rorantur,
424 2800 496 2849 tunes
514 2798 588 2864 puppi
603 2799 686 2862 aptati.
698 2797 730 2847 ili
741 2799 887 2856 στέλλονται,
897 2797 1059 2849 contrabun-
1103 2794 1179 2843 allero
1189 2793 1244 2842 10⁰0
1253 2795 1377 2854 κάτθανεν,
1394 2795 1423 2843 ut
1438 2793 1493 2844 edd·
1515 2794 1583 2844 Plan·
1604 2798 1631 2843 11¹
1651 2795 1700 2846 fine
1712 2796 1777 2845 Cod—
1792 2799 1853 2858 ὥοτ.
1865 2823 1896 2832 -

275 2872 320 2920 tur
337 2873 361 2919 et
374 2869 531 2930 initientur,
547 2869 726 2919 vehementiore
743 2871 816 2919 rento
826 2869 960 2932 ingruente.
976 2889 989 2914 ιν
999 2872 1059 2921 Jec.
1080 2854 1082 2908 l
1103 2867 1151 2914 ie·
1163 2865 1354 2927 ὡςὺμὲναιοοέοὶ
1373 2869 1411 2913 ολ·
1422 2864 1481 2913 ΟΜ·
1495 2867 1520 2914 θῑ
1534 2865 1612 2925 rim,
1625 2865 1678 2915 ⁸¹⁰0
1696 2879 1790 2923 seusu:
1806 2871 1842 2922 ὡς
1853 2868 1897 2927 ἅμ’

273 2964 305 2976 -
318 2941 461 2998 triremem
473 2939 606 2988 iiecierua.
622 2937 759 3001 legebatur
771 2940 895 2996 εέοενέόην.
1104 2936 1178 2984 ἔναιον
1192 2936 1225 2983 ivi
1243 2935 1314 2983 ιιλοιῑ
1328 2933 1495 2996 Tirwhitlusi
1515 2938 1547 2991 νἰτ
1563 2935 1605 2996 ἅμ’
1614 2936 1700 2998 ἔναιον,
1710 2937 1743 2986 tc·
1757 2938 1784 2985 ἐν
1800 2941 1841 2986 τό..
1856 2939 1897 2986 «Ιο-

1080 3005 1083 3040 ¹
1104 3004 1169 3054 cobs.
1187 3004 1212 3054 in
1234 3006 1379 3067 mettense,
1391 3006 1502 3070 quiante
1522 3009 1546 3054 in
1564 3007 1641 3058 Pelet.
1656 3011 1688 3064 ὡς
1709 3011 1845 3070 σννέναιον,
1862 3011 1895 3058 ἔτι

305 3078 457 3126 ccclxxv.
480 3079 602 3127 Lemma:
622 3078 654 3133 εές
668 3077 719 3126 τινα
731 3081 830 3138 γυναῖκα
841 3077 957 3139 έγνιυονέν
970 3081 1060 3139 σεισμῷ
1080 3049 1083 3150 Ι
1103 3077 1154 3134 τιλ.,
1169 3075 1304 3126 mutatione
1322 3076 1434 3136 minima,
1452 3075 1495 3126 sed
1515 3078 1561 3126 bnt
1579 3080 1619 3126 ni.
1638 3079 1734 3142 sumpsi
1748 3093 1765 3128 a
1778 3079 1893 3142 Toupto,

274 3153 396 3196 τετοκυῖαν
412 3149 580 3210 τινασσομένου
594 3152 636 3196 τοῦ
653 3148 770 3208 δώματος.
785 3173 815 3182 -
833 3154 855 3196 i.
873 3167 884 3188 ιι
897 3145 1014 3196 Sehmler.
1030 3145 1060 3196 ad
1080 3153 1083 3178 ¹
1103 3143 1157 3194 ooii.
1178 3158 1216 3208 ep.
1232 3151 1286 3204 Sit,
1307 3148 1395 3196 izeei
1414 3149 1485 3196 πλατεῖ
1500 3149 1553 3209 τῇδε
1566 3149 1688 3210 atteramus.
1706 3151 1768 3199 Post
1780 3153 1813 3206 ὡς
1829 3149 1895 3198 συνέ-

272 3217 405 3266 Gnomicos
424 3231 447 3280 p.
474 3222 517 3269 teo
532 3218 688 3277 τιναξαμένων
708 3216 806 3280 passive
823 3215 926 3280 intelligi
947 3217 1060 3279 oportere
1103 3232 1166 3264 ναιον
1178 3219 1441 3281 οεοιιοιιοτυμόεόονται
1455 3217 1520 3267 vaiet
1533 3220 1743 3280 ουντυμόεύονται,
1753 3222 1895 3283 prasertim

270 3287 357 3342 doceti
370 3287 418 3335 vid.
437 3289 486 3336 not.
503 3287 535 3336 ad
546 3290 586 3346 iii,
599 3301 637 3350 ep.
652 3291 707 3336 iti.
726 3286 877 3350 capiendum
894 3287 950 3352 δρόόι
959 3287 990 3336 de
1001 3300 1058 3336 sue·
1103 3287 1238 3351 excipiente
1253 3290 1324 3344 ξυνόν.
1345 3293 1364 3338 Α
1383 3287 1539 3339 Beissonadto
1560 3293 1696 3340 eorrectum
1710 3289 1786 3341 rideo
1808 3293 1829 3340 i·
1851 3295 1896 3346 εἰς

274 3357 514 3422 cessioneparictum
523 3359 715 3422 perpendiculari
735 3377 746 3400 ν
762 3359 792 3406 Β.
805 3359 915 3409 norisius
924 3357 1006 3420 medii,
1017 3357 1060 3419 qut
1102 3361 1210 3420 ὑμέναιον
1219 3360 1256 3407 int
1271 3363 1325 3421 αλ,
1341 3359 1384 3409 sed
1403 3357 1531 3409 schedulae
1544 3360 1569 3408 in
1588 3360 1636 3409 boc
1649 3363 1674 3410 et
1687 3374 1797 3423 sequens
1815 3362 1894 3425 epigr.

275 3427 396 3478 rarissime
418 3430 539 3490 passivam
560 3428 610 3477 rim
626 3429 749 3490 admittit,
768 3428 805 3478 sic
824 3429 983 3492 explicandus
1006 3441 1060 3477 esse
1102 3429 1176 3478 nullm
1188 3431 1326 3492 supersunt.
1345 3433 1400 3478 -i
1416 3432 1448 3486 ὡς
1466 3429 1563 3478 tetemet
1576 3428 1648 3490 cod,
1665 3429 1710 3480 scd
1723 3433 1896 3494 superscripto

275 3497 372 3548 videtur
388 3519 393 3546 :
409 3499 468 3547 dum
488 3499 591 3560 parietes
605 3499 674 3548 ilium
686 3503 758 3548 terrm
775 3503 904 3549 tremorem
921 3502 1057 3550 oteoncue·
1101 3501 1184 3562 λαμον,
1197 3501 1227 3549 ut
1238 3499 1304 3548 l‘lan.
1322 3501 1358 3548 De
1371 3500 1554 3549 construetione
1572 3514 1596 3549 v.
1609 3501 1681 3551 Thes.
1698 3515 1725 3551 v.
1739 3501 1896 3562 Ἀγέλλομαιι.

274 3566 366 3618 etonem
382 3567 416 3616 ita
426 3568 450 3614 tn
460 3581 487 3616 so
500 3568 662 3629 recipiebant,
683 3571 711 3616 ut
723 3571 785 3616 recti
800 3571 893 3618 starent
906 3582 985 3630 neque
999 3581 1056 3616 con·
1104 3589 1115 3613 ι
1130 3573 1158 3620 ln
1172 3571 1212 3618 ναὶ
1230 3571 1301 3631 siper
1322 3571 1390 3633 grata
1411 3571 1450 3619 est
1468 3570 1611 3634 emphasis:
1626 3571 1700 3620 etiam
1722 3571 1754 3621 de
1777 3573 1896 3636 sepulcro

274 3635 389 3685 siderent.
412 3639 471 3685 iac.
486 3637 622 3685 Brunciius
636 3651 695 3686 eum
713 3637 809 3686 ltetslio
824 3643 1005 3698 τινασσομένων.
1025 3663 1056 3674 -
1103 3639 1227 3688 communi
1236 3653 1283 3688 non
1292 3639 1373 3687 miurus
1384 3638 1581 3701 lietauturquam
1592 3639 1651 3689 olim
1662 3639 1692 3690 de
1701 3641 1831 3691 communi
1843 3641 1897 3690 tim-

274 3705 337 3760 saie
348 3707 393 3752 ὐιιὸ
403 3707 547 3764 φωλεύουσα
557 3705 628 3762 eod,
638 3718 699 3753 corr.
711 3705 831 3754 lietsiius.
843 3733 873 3740 -
882 3713 904 3756 5.
916 3705 1058 3769 Ἀμφότεροι,
1101 3708 1175 3759 lamo.
1187 3729 1197 3751 ν
1213 3711 1270 3758 Jee.

274 3776 353 3824 mater
362 3777 387 3824 et
395 3775 483 3824 trii'ans.
495 3794 507 3816 ι
517 3775 606 3824 Similis
614 3789 686 3824 casus
695 3775 795 3838 contigit
803 3775 826 3823 iu
836 3775 970 3826 Antioohiae
978 3777 1056 3840 ruina,

276 3846 303 3893 ut
315 3847 396 3894 narrat
410 3844 455 3892 Dte
473 3846 542 3893 cass.
557 3847 666 3906 Liti'iii,
682 3853 726 3906 25,
746 3849 771 3896 et
786 3845 825 3894 alii
842 3847 930 3897 uostris
940 3850 1055 3913 tempori·
1133 3840 1295 3890 CCCLXMX·
1310 3840 1410 3888 Lemma
1425 3859 1431 3888 t
1446 3841 1478 3894 οἷο
1492 3840 1534 3897 τὴν
1555 3840 1732 3903 ‘immitte
1755 3843 1764 3896 t
1773 3853 1897 3904 compen·

270 3913 329 3962 bus.
343 3934 355 3958 ν
369 3918 427 3965 lac.
440 3918 545 3978 Apparet
564 3929 661 3965 carmen
672 3919 765 3966 temere
774 3915 837 3966 inter·
852 3918 976 3978 έιιιτύμόια
988 3933 1055 3969 rece-
1102 3909 1157 3969 di⁰)
1172 3911 1291 3960 θάλασσαν
1307 3911 1346 3958 καὶ
1366 3910 1397 3964 ⁸¹<
1413 3909 1441 3957 τά
1459 3911 1535 3959 &stitit
1552 3911 1636 3972 νεώρια
1655 3911 1696 3958 ²⁸2
1716 3911 1773 3966 ³⁰²3:
1789 3915 1896 3972 ἳῑένὲνῐὲ·

274 3984 345 4046 ptum
358 3997 420 4034 esse.
1103 3981 1175 4030 iiaud
1194 3980 1268 4030 dubie
1288 3979 1320 4028 ob
1334 3991 1419 4028 rocem
1432 3984 1504 4042 χῶμα
1518 3979 1581 4030 male
1601 3983 1726 4042 acceptam
1739 3981 1898 4044 epigramma

1103 4051 1209 4113 pesitum
1229 4051 1291 4099 inter
1309 4049 1466 4113 sepulcralia,
1482 4051 1512 4099 ut
1523 4049 1588 4099 inira
1602 4063 1639 4112 ep.
1657 4054 1701 4099 ott
1716 4049 1748 4098 de
1764 4049 1899 4114 horologio

306 4119 471 4168 cccixxi'i.
490 4119 590 4167 Lernma
610 4132 615 4159 ι
636 4120 666 4173 εἰς
688 4119 799 4166 Σέλευκον
812 4120 862 4166 νέον
881 4120 1056 4176 τελευτήσαντα.
1102 4123 1202 4182 propter
1218 4133 1302 4168 rocem
1316 4126 1389 4179 σῆμα.
1411 4122 1557 4183 loquuntur
1573 4133 1640 4168 mare
1658 4122 1683 4168 et
1709 4121 1777 4169 terra
1798 4121 1831 4170 de
1854 4123 1896 4170 in·

275 4187 481 4249 Lesbiusjurents
491 4187 515 4236 tn
528 4187 644 4250 iiispanto
658 4187 774 4250 sepultus.
789 4213 817 4223 -
830 4191 840 4236 t
852 4185 1016 4240 tedetucod.
1027 4216 1059 4226 -
1102 4189 1166 4251 genii
1181 4188 1244 4237 mole
1262 4191 1351 4238 Portus
1366 4188 1425 4238 iulii
1444 4190 1510 4252 apud
1525 4191 1609 4252 Bajas,
1624 4188 1691 4252 quod
1705 4203 1772 4252 opus
1792 4191 1898 4240 notissi-

275 4259 423 4320 2iniipeioi
440 4256 573 4306 Salmasius
587 4257 615 4318 (a
628 4270 678 4318 quo
693 4257 775 4317 taritc,
788 4259 816 4307 ut
833 4257 975 4316 multoaiia,
989 4273 1056 4308 sum·
1079 4268 1080 4313 i
1103 4273 1172 4308 inum
1184 4273 1215 4308 ex
1230 4259 1329 4322 Virgilio
1345 4260 1431 4323 Georg.
1451 4262 1485 4322 it,
1500 4265 1541 4312 tel
1557 4274 1624 4323 seqq.
1642 4262 1668 4309 ct
1685 4261 1774 4310 llurat.
1790 4265 1845 4309 Art.
1863 4267 1898 4310 ei

269 4326 323 4390 psit
338 4328 445 4376 Breuci.
458 4331 479 4384 iq
491 4328 607 4390 αἰθόμενον
626 4329 669 4387 (ex
682 4329 744 4376 iiiii.
758 4325 853 4388 ortum)
871 4326 964 4386 codes,
977 4341 1057 4376 eorre-
1078 4318 1080 4384 J
1102 4343 1181 4392 seqq..
1191 4329 1233 4377 ubi
1245 4342 1270 4377 v.
1285 4329 1438 4392 interpretes.
1453 4335 1502 4380 -t
1517 4331 1652 4393 όιααιαρχέε
1661 4329 1721 4378 Cod.
1738 4356 1771 4367 -
1785 4339 1809 4380 ο.
1823 4351 1835 4374 ιι
1849 4335 1895 4380 ln·

274 4397 354 4446 ctionc
362 4415 390 4444 ωι
400 4397 479 4460 posita
487 4411 560 4460 super
571 4402 612 4459 ροῡ
619 4399 644 4445 et
654 4413 694 4444 του
705 4396 917 4460 sillabasmimpob
925 4397 1058 4459 αἰσθόμεναι
1078 4390 1081 4462 ⁴,
1102 4397 1306 4460 telligiturmolea
1316 4413 1396 4462 usque
1406 4400 1430 4449 tn
1446 4399 1555 4450 medium
1565 4413 1631 4450 mare
1645 4399 1779 4463 producta,
1795 4405 1824 4451 ut
1838 4415 1899 4464 pro

275 4467 354 4528 βιότου
369 4467 475 4528 pessime
490 4467 556 4517 Plan.
571 4473 635 4516 -ό,
649 4486 661 4509 ι
674 4466 969 4529 Cogitaiiatiirodmusde
983 4467 1059 4516 iberis
1102 4468 1248 4517 montorium
1273 4468 1407 4533 libegtnum
1432 4473 1478 4520 αἰεὶ
1504 4471 1628 4534 Θρινακίαν
1656 4474 1786 4534 γενομένην
1809 4474 1897 4526 οδε-σς

274 4535 347 4593 estse,
358 4536 399 4597 qut
410 4535 483 4585 bodie
493 4537 619 4600 Georgtani
629 4539 756 4586 vocantur.
769 4536 816 4586 Sed
825 4549 903 4598 quum
916 4537 1059 4599 eloquentie
1079 4544 1081 4564 ²
1103 4539 1206 4601 (ἄκραν)
1220 4538 1277 4588 dieti
1291 4543 1362 4601 poeta
1373 4540 1437 4590 inira
1447 4553 1485 4603 ep.
1501 4545 1556 4603 iit,
1572 4549 1594 4590 2.
1610 4545 1664 4590 -t
1677 4541 1807 4604 βιαζόμενα
1818 4543 1894 4600 coi„

274 4603 383 4653 studium
404 4605 428 4652 tn
443 4605 544 4654 Seleuco
566 4609 778 4664 commemoretur,
798 4607 914 4668 suspicari
929 4607 985 4656 lieet
1001 4621 1057 4657 eum
1079 4578 1081 4653 Ῑ
1102 4609 1256 4672 superposito
1277 4613 1344 4672 pete.
1361 4611 1430 4660 coni.
1451 4613 1536 4662 liorat.
1554 4612 1635 4661 Carm.
1659 4615 1710 4672 ill,
1726 4613 1769 4662 od.
1796 4619 1817 4673 i,
1835 4617 1868 4662 33
1888 4637 1892 4660 ;

273 4672 299 4719 tn
313 4671 428 4733 liisponte
442 4674 489 4723 arti
501 4673 611 4734 dicendi,
623 4689 679 4738 quae
695 4678 748 4724 turn
760 4675 877 4739 temporis
887 4675 910 4724 iu
926 4675 972 4724 iliis
983 4677 1059 4741 regio-
1079 4676 1080 4723 l
1102 4680 1238 4729 contrecta
1247 4681 1331 4743 pisces
1346 4693 1453 4744 irquora
1470 4684 1588 4731 sentiunt
1602 4683 1682 4732 lectis
1694 4685 1723 4730 in
1736 4683 1823 4734 αέέιιτιι
1837 4696 1895 4732 me·

271 4741 347 4790 uibus
360 4741 468 4803 iiorebat,
478 4742 576 4794 dedisse
589 4758 697 4808 operam.
714 4748 793 4795 νέιιο,
1078 4728 1080 4778 ¹
1103 4749 1227 4799 iilius-
1244 4755 1268 4800 ό.
1287 4750 1394 4813 Κόσμον,
1413 4752 1495 4814 popuii
1514 4752 1580 4802 orbis
1599 4755 1721 4801 terrarum
1737 4753 1836 4802 demini.
1861 4778 1892 4788 -

1102 4821 1163 4870 ein·
1175 4820 1244 4876 αὐτῆς
1264 4822 1344 4884 μέτρον
1360 4820 1456 4880 ceder,
1472 4823 1565 4888 egregie
1581 4827 1720 4872 correctum
1739 4823 1867 4872 aits-istie
1884 4843 1892 4868 t

304 4880 485 4930 CCCLXXVH·
498 4882 597 4930 Lemma
613 4883 844 4945 νεῐςΠαοθὲνιοντῦν
858 4887 962 4934 eonem
972 4887 1012 4936 τὸν
1027 4889 1059 4944 οἷς
1079 4902 1081 4941 i
1103 4889 1283 4954 coniernptare
1305 4896 1415 4942 flentum
1428 4895 1541 4943 etcirmm
1557 4896 1581 4941 ci
1591 4891 1687 4955 jndice
1704 4897 1728 4943 ri
1751 4893 1790 4942 ari
1807 4893 1891 4952 λιμοι

273 4949 380 5013 Ὅμηρον
390 4951 571 5012 παροινήσαντα.
590 4953 662 5000 ilum
673 4951 901 5017 homeromasitgem
913 4956 989 5006 inisse
1005 4957 1058 5006 oio
1079 4969 1081 4981 ’
1102 4963 1174 5012 uirbis
1187 4961 1297 5011 modum
1314 4967 1338 5012 ci
1348 4976 1500 5013 ostensuram
1510 4967 1620 5027 portem
1630 4963 1890 5028 λαόεοςεὶτοςιιοτε,

272 5021 336 5084 nystt
349 5019 503 5070 Alexandrini
515 5020 601 5070 Glauci
614 5021 658 5070 tilii
673 5020 835 5085 discipulum,
851 5024 923 5086 eujus
934 5025 1023 5076 suidas
1036 5040 1056 5077 s.
1078 5022 1081 5066 i
1102 5034 1122 5079 εἰ
1136 5035 1208 5089 ταύτῃ
1223 5033 1302 5095 όέμὸς
1320 5035 1388 5093 λιμήν
1408 5034 1537 5096 σύμμετρός
1557 5035 1615 5083 έοτι.
1627 5055 1640 5076 ν
1660 5038 1722 5084 iae.
1735 5034 1795 5083 biire
1808 5033 1889 5081 itote

274 5105 298 5140 r.
310 5092 319 5152 (
325 5105 350 5154 p.
368 5095 426 5141 iiiii
439 5091 575 5149 iiornb.)et
586 5089 716 5214 atheneus
733 5096 773 5152 xi,
790 5107 813 5157 p.
828 5099 882 5157 iet,
895 5097 923 5156 c,
939 5097 1056 5147 memine·
1079 5092 1080 5151 j
1102 5114 1148 5150 sua
1161 5114 1251 5162 manu:
1266 5101 1367 5164 ἐγγύθεν·
1378 5102 1418 5152 ἀπ’
1433 5105 1513 5160 αὐτῆς.

274 5165 341 5223 runt,
352 5162 437 5213 docuit
448 5163 590 5224 Jacobstus,
606 5176 670 5226 praee
681 5178 721 5215 are
730 5165 821 5216 addens
832 5180 838 5210 τ
849 5186 861 5210 ν
873 5170 955 5224 Quum
968 5168 1056 5231 Diony·
1078 5157 1080 5210 l
1183 5211 1185 5219 .

274 5233 326 5284 eius
337 5245 416 5300 usque
429 5234 460 5283 ad
472 5234 602 5296 ‘trajanum
612 5235 709 5299 vixerit,
722 5235 867 5289 Parthenius
878 5237 924 5288 sub
937 5238 1058 5290 liadrtano
1078 5213 1081 5284 Ι,
1136 5241 1288 5290 ccclxxii.
1303 5241 1403 5291 Lemma
1417 5256 1422 5285 :
1435 5243 1466 5297 sir
1477 5241 1599 5291 Εόνιιίόεν
1608 5243 1668 5304 τινὰ,
1678 5243 1768 5298 οὔτινος
1781 5239 1895 5302 sitierat
