<?xml version="1.0" encoding="UTF-8"?>
<!DOCTYPE html PUBLIC "-//W3C//DTD XHTML 1.0 Transitional//EN"
    "http://www.w3.org/TR/xhtml1/DTD/xhtml1-transitional.dtd">
<html xmlns="http://www.w3.org/1999/xhtml" xml:lang="en" lang="en">
 <head>
  <title>
</title>
<meta http-equiv="Content-Type" content="text/html;charset=utf-8" />
  <meta name='ocr-system' content='tesseract 3.04.00' />
  <meta name='ocr-capabilities' content='ocr_page ocr_carea ocr_par ocr_line ocrx_word'/>
</head>
<body>
  <div class='ocr_page' id='page_1' title='image "./epigrammatumant01couggoog/epigrammatumant01couggoog_0017.png"; bbox 0 0 3946 5952; ppageno 0'>
   <div class='ocr_carea' id='block_1_1' title="bbox 261 491 1156 577">
    <p class='ocr_par' dir='ltr' id='par_1_1' title="bbox 261 491 1156 577">
     <span class='ocr_line' id='line_1_1' title="bbox 261 491 1156 577; baseline -0.006 -19"><span class='ocrx_word' id='word_1_1' title='bbox 261 497 309 577; x_wconf 83' lang='lat' dir='ltr'>viij</span> <span class='ocrx_word' id='word_1_2' title='bbox 941 491 1156 554; x_wconf 76' lang='lat' dir='ltr'>rnnrlno.</span> 
     </span>
    </p>
   </div>
   <div class='ocr_carea' id='block_1_2' title="bbox 232 623 1870 4952">
    <p class='ocr_par' dir='ltr' id='par_1_2' title="bbox 255 623 1828 1346">
     <span class='ocr_line' id='line_1_2' title="bbox 259 623 1828 728; baseline -0.003 -26"><span class='ocrx_word' id='word_1_3' title='bbox 259 655 324 726; x_wconf 89' lang='lat' dir='ltr'>ego</span> <span class='ocrx_word' id='word_1_4' title='bbox 336 643 528 728; x_wconf 89' lang='lat' dir='ltr'>paternum</span> <span class='ocrx_word' id='word_1_5' title='bbox 547 629 585 698; x_wconf 92' lang='lat' dir='ltr'>in</span> <span class='ocrx_word' id='word_1_6' title='bbox 600 652 657 699; x_wconf 95' lang='lat' dir='ltr'>me</span> <span class='ocrx_word' id='word_1_7' title='bbox 675 629 836 702; x_wconf 88' lang='lat' dir='ltr'>animum</span> <span class='ocrx_word' id='word_1_8' title='bbox 856 641 975 722; x_wconf 88' lang='lat' dir='ltr'>gratus</span> <span class='ocrx_word' id='word_1_9' title='bbox 994 651 1106 724; x_wconf 92' lang='lat' dir='ltr'>usque</span> <span class='ocrx_word' id='word_1_10' title='bbox 1126 624 1357 698; x_wconf 88' lang='lat' dir='ltr'>recordabor.</span> <span class='ocrx_word' id='word_1_11' title='bbox 1379 623 1576 723; x_wconf 84' lang='lat' dir='ltr'>Respondit</span> <span class='ocrx_word' id='word_1_12' title='bbox 1601 655 1619 692; x_wconf 86' lang='lat' dir='ltr'>a</span> <span class='ocrx_word' id='word_1_13' title='bbox 1642 631 1828 723; x_wconf 81' lang='lat' dir='ltr'><em>sospitator</em></span> 
     </span>
     <span class='ocr_line' id='line_1_3' title="bbox 258 747 1825 850; baseline -0.003 -26"><span class='ocrx_word' id='word_1_14' title='bbox 258 753 477 848; x_wconf 79' lang='lat' dir='ltr'>Aatlzologia</span> <span class='ocrx_word' id='word_1_15' title='bbox 490 778 645 848; x_wconf 70' lang='lat' dir='ltr'>grace»</span> <span class='ocrx_word' id='word_1_16' title='bbox 666 753 784 850; x_wconf 92' lang='lat' dir='ltr'>ipsum</span> <span class='ocrx_word' id='word_1_17' title='bbox 801 750 946 848; x_wconf 90' lang='lat' dir='ltr'>quidem</span> <span class='ocrx_word' id='word_1_18' title='bbox 967 749 1124 821; x_wconf 88' lang='lat' dir='ltr'>alienum</span> <span class='ocrx_word' id='word_1_19' title='bbox 1144 773 1218 821; x_wconf 91' lang='lat' dir='ltr'>esse</span> <span class='ocrx_word' id='word_1_20' title='bbox 1241 773 1262 819; x_wconf 91' lang='lat' dir='ltr'>a</span> <span class='ocrx_word' id='word_1_21' title='bbox 1281 773 1376 821; x_wconf 89' lang='lat' dir='ltr'>nova</span> <span class='ocrx_word' id='word_1_22' title='bbox 1396 747 1555 821; x_wconf 77' lang='lat' dir='ltr'>editione</span> <span class='ocrx_word' id='word_1_23' title='bbox 1579 749 1825 848; x_wconf 90' lang='lat' dir='ltr'>suscipienda,</span> 
     </span>
     <span class='ocr_line' id='line_1_4' title="bbox 258 873 1827 981; baseline -0.003 -31"><span class='ocrx_word' id='word_1_24' title='bbox 258 879 320 952; x_wconf 88' lang='lat' dir='ltr'>sed</span> <span class='ocrx_word' id='word_1_25' title='bbox 341 878 496 951; x_wconf 75' lang='lat' dir='ltr'>libenter</span> <span class='ocrx_word' id='word_1_26' title='bbox 519 877 708 949; x_wconf 90' lang='lat' dir='ltr'>nobiscum</span> <span class='ocrx_word' id='word_1_27' title='bbox 732 875 1092 947; x_wconf 88' lang='lat' dir='ltr'>communicaturum</span> <span class='ocrx_word' id='word_1_28' title='bbox 1105 877 1184 974; x_wconf 86' lang='lat' dir='ltr'>quae</span> <span class='ocrx_word' id='word_1_29' title='bbox 1200 899 1297 981; x_wconf 79' lang='lat' dir='ltr'>nunc</span> <span class='ocrx_word' id='word_1_30' title='bbox 1311 874 1358 946; x_wconf 94' lang='lat' dir='ltr'>de</span> <span class='ocrx_word' id='word_1_31' title='bbox 1375 873 1522 970; x_wconf 89' lang='lat' dir='ltr'>singulis</span> <span class='ocrx_word' id='word_1_32' title='bbox 1544 873 1633 946; x_wconf 91' lang='lat' dir='ltr'>locis</span> <span class='ocrx_word' id='word_1_33' title='bbox 1647 873 1827 970; x_wconf 88' lang='lat' dir='ltr'>judicaret</span> 
     </span>
     <span class='ocr_line' id='line_1_5' title="bbox 257 993 1825 1101; baseline -0.004 -25"><span class='ocrx_word' id='word_1_34' title='bbox 257 1003 360 1076; x_wconf 89' lang='lat' dir='ltr'>aliter</span> <span class='ocrx_word' id='word_1_35' title='bbox 376 1027 418 1074; x_wconf 93' lang='lat' dir='ltr'>ac</span> <span class='ocrx_word' id='word_1_36' title='bbox 433 1002 586 1101; x_wconf 84' lang='lat' dir='ltr'>pridem.</span> <span class='ocrx_word' id='word_1_37' title='bbox 610 1006 725 1098; x_wconf 83' lang='lat' dir='ltr'>Atque</span> <span class='ocrx_word' id='word_1_38' title='bbox 740 1014 900 1071; x_wconf 90' lang='lat' dir='ltr'>nostram</span> <span class='ocrx_word' id='word_1_39' title='bbox 918 997 957 1069; x_wconf 89' lang='lat' dir='ltr'>in</span> <span class='ocrx_word' id='word_1_40' title='bbox 976 993 1124 1094; x_wconf 82' lang='lat' dir='ltr'>gratiam</span> <span class='ocrx_word' id='word_1_41' title='bbox 1144 998 1370 1071; x_wconf 82' lang='lat' dir='ltr'>venerandus</span> <span class='ocrx_word' id='word_1_42' title='bbox 1391 1023 1498 1072; x_wconf 86' lang='lat' dir='ltr'>senex</span> <span class='ocrx_word' id='word_1_43' title='bbox 1518 998 1740 1096; x_wconf 77' lang='lat' dir='ltr'>Anthologiae</span> <span class='ocrx_word' id='word_1_44' title='bbox 1759 1004 1825 1070; x_wconf 88' lang='lat' dir='ltr'>Pa-</span> 
     </span>
     <span class='ocr_line' id='line_1_6' title="bbox 256 1122 1824 1219; baseline -0.001 -22"><span class='ocrx_word' id='word_1_45' title='bbox 256 1125 403 1198; x_wconf 86' lang='lat' dir='ltr'>latinam</span> <span class='ocrx_word' id='word_1_46' title='bbox 422 1127 617 1199; x_wconf 90' lang='lat' dir='ltr'>editionem</span> <span class='ocrx_word' id='word_1_47' title='bbox 638 1126 791 1196; x_wconf 86' lang='lat' dir='ltr'>maxima</span> <span class='ocrx_word' id='word_1_48' title='bbox 810 1122 994 1218; x_wconf 87' lang='lat' dir='ltr'>diligentia</span> <span class='ocrx_word' id='word_1_49' title='bbox 1017 1122 1159 1219; x_wconf 87' lang='lat' dir='ltr'>relegit,</span> <span class='ocrx_word' id='word_1_50' title='bbox 1177 1123 1350 1210; x_wconf 70' lang='lat' dir='ltr'>correxit,</span> <span class='ocrx_word' id='word_1_51' title='bbox 1367 1124 1509 1196; x_wconf 85' lang='lat' dir='ltr'>criticas</span> <span class='ocrx_word' id='word_1_52' title='bbox 1529 1137 1650 1214; x_wconf 88' lang='lat' dir='ltr'>notas,</span> <span class='ocrx_word' id='word_1_53' title='bbox 1673 1123 1736 1196; x_wconf 92' lang='lat' dir='ltr'>ubi</span> <span class='ocrx_word' id='word_1_54' title='bbox 1760 1150 1824 1196; x_wconf 93' lang='lat' dir='ltr'>ne·</span> 
     </span>
     <span class='ocr_line' id='line_1_7' title="bbox 255 1248 1061 1346; baseline -0.005 -22"><span class='ocrx_word' id='word_1_55' title='bbox 255 1253 449 1324; x_wconf 89' lang='lat' dir='ltr'>cessarium</span> <span class='ocrx_word' id='word_1_56' title='bbox 463 1250 668 1341; x_wconf 87' lang='lat' dir='ltr'>videbatur,</span> <span class='ocrx_word' id='word_1_57' title='bbox 683 1273 745 1320; x_wconf 91' lang='lat' dir='ltr'>sua</span> <span class='ocrx_word' id='word_1_58' title='bbox 760 1273 869 1320; x_wconf 90' lang='lat' dir='ltr'>manu</span> <span class='ocrx_word' id='word_1_59' title='bbox 887 1248 1061 1346; x_wconf 82' lang='lat' dir='ltr'>appinxit.</span> 
     </span>
    </p>

    <p class='ocr_par' dir='ltr' id='par_1_3' title="bbox 232 1367 1870 4952">
     <span class='ocr_line' id='line_1_8' title="bbox 304 1367 1821 1473; baseline -0.003 -25"><span class='ocrx_word' id='word_1_60' title='bbox 304 1378 561 1448; x_wconf 90' lang='lat' dir='ltr'>Pretiosissimo</span> <span class='ocrx_word' id='word_1_61' title='bbox 581 1374 707 1473; x_wconf 89' lang='lat' dir='ltr'>codice</span> <span class='ocrx_word' id='word_1_62' title='bbox 716 1373 925 1471; x_wconf 90' lang='lat' dir='ltr'>jacobsiano</span> <span class='ocrx_word' id='word_1_63' title='bbox 938 1371 1062 1470; x_wconf 89' lang='lat' dir='ltr'>(quem</span> <span class='ocrx_word' id='word_1_64' title='bbox 1075 1369 1247 1469; x_wconf 88' lang='lat' dir='ltr'>appellari</span> <span class='ocrx_word' id='word_1_65' title='bbox 1260 1370 1314 1442; x_wconf 85' lang='lat' dir='ltr'>fas</span> <span class='ocrx_word' id='word_1_66' title='bbox 1328 1367 1394 1466; x_wconf 85' lang='lat' dir='ltr'>est)</span> <span class='ocrx_word' id='word_1_67' title='bbox 1408 1369 1453 1440; x_wconf 93' lang='lat' dir='ltr'>ad</span> <span class='ocrx_word' id='word_1_68' title='bbox 1479 1394 1546 1441; x_wconf 92' lang='lat' dir='ltr'>nos</span> <span class='ocrx_word' id='word_1_69' title='bbox 1565 1369 1727 1470; x_wconf 86' lang='lat' dir='ltr'>perlata,</span> <span class='ocrx_word' id='word_1_70' title='bbox 1744 1373 1821 1444; x_wconf 87' lang='lat' dir='ltr'>Fir-</span> 
     </span>
     <span class='ocr_line' id='line_1_9' title="bbox 255 1495 1824 1595; baseline -0.001 -25"><span class='ocrx_word' id='word_1_71' title='bbox 255 1500 373 1570; x_wconf 90' lang='lat' dir='ltr'>minus</span> <span class='ocrx_word' id='word_1_72' title='bbox 391 1499 519 1588; x_wconf 84' lang='lat' dir='ltr'>Didot‚</span> <span class='ocrx_word' id='word_1_73' title='bbox 537 1513 576 1570; x_wconf 91' lang='lat' dir='ltr'>ut</span> <span class='ocrx_word' id='word_1_74' title='bbox 590 1499 700 1589; x_wconf 92' lang='lat' dir='ltr'>solet,</span> <span class='ocrx_word' id='word_1_75' title='bbox 717 1499 878 1595; x_wconf 83' lang='lat' dir='ltr'>quaesivit</span> <span class='ocrx_word' id='word_1_76' title='bbox 891 1521 963 1595; x_wconf 92' lang='lat' dir='ltr'>qua</span> <span class='ocrx_word' id='word_1_77' title='bbox 974 1497 1115 1568; x_wconf 90' lang='lat' dir='ltr'>ratione</span> <span class='ocrx_word' id='word_1_78' title='bbox 1125 1495 1202 1593; x_wconf 86' lang='lat' dir='ltr'>jam</span> <span class='ocrx_word' id='word_1_79' title='bbox 1212 1495 1431 1567; x_wconf 90' lang='lat' dir='ltr'>instituenda</span> <span class='ocrx_word' id='word_1_80' title='bbox 1446 1509 1537 1568; x_wconf 89' lang='lat' dir='ltr'>esset</span> <span class='ocrx_word' id='word_1_81' title='bbox 1551 1521 1661 1593; x_wconf 89' lang='lat' dir='ltr'>quam</span> <span class='ocrx_word' id='word_1_82' title='bbox 1674 1496 1824 1594; x_wconf 90' lang='lat' dir='ltr'>parabat</span> 
     </span>
     <span class='ocr_line' id='line_1_10' title="bbox 253 1619 1822 1724; baseline -0.002 -30"><span class='ocrx_word' id='word_1_83' title='bbox 253 1623 466 1716; x_wconf 89' lang='lat' dir='ltr'>editionem,</span> <span class='ocrx_word' id='word_1_84' title='bbox 485 1649 567 1720; x_wconf 89' lang='lat' dir='ltr'>quo</span> <span class='ocrx_word' id='word_1_85' title='bbox 592 1622 777 1724; x_wconf 87' lang='lat' dir='ltr'>literarum</span> <span class='ocrx_word' id='word_1_86' title='bbox 806 1646 998 1718; x_wconf 85' lang='lat' dir='ltr'>graecarum</span> <span class='ocrx_word' id='word_1_87' title='bbox 1017 1619 1222 1692; x_wconf 86' lang='lat' dir='ltr'>amantibus</span> <span class='ocrx_word' id='word_1_88' title='bbox 1244 1635 1279 1691; x_wconf 92' lang='lat' dir='ltr'>ct</span> <span class='ocrx_word' id='word_1_89' title='bbox 1303 1619 1470 1692; x_wconf 90' lang='lat' dir='ltr'>studiosis</span> <span class='ocrx_word' id='word_1_90' title='bbox 1492 1645 1601 1719; x_wconf 91' lang='lat' dir='ltr'>quam</span> <span class='ocrx_word' id='word_1_91' title='bbox 1624 1619 1822 1718; x_wconf 89' lang='lat' dir='ltr'>plurimum</span> 
     </span>
     <span class='ocr_line' id='line_1_11' title="bbox 252 1743 1819 1842; baseline -0.001 -24"><span class='ocrx_word' id='word_1_92' title='bbox 252 1746 336 1820; x_wconf 87' lang='lat' dir='ltr'>iude</span> <span class='ocrx_word' id='word_1_93' title='bbox 345 1746 530 1818; x_wconf 90' lang='lat' dir='ltr'>commodi</span> <span class='ocrx_word' id='word_1_94' title='bbox 544 1746 657 1818; x_wconf 84' lang='lat' dir='ltr'>lieret.</span> <span class='ocrx_word' id='word_1_95' title='bbox 671 1745 724 1818; x_wconf 94' lang='lat' dir='ltr'>lbi</span> <span class='ocrx_word' id='word_1_96' title='bbox 738 1745 850 1816; x_wconf 91' lang='lat' dir='ltr'>latina</span> <span class='ocrx_word' id='word_1_97' title='bbox 864 1747 1023 1841; x_wconf 90' lang='lat' dir='ltr'>Hugonis</span> <span class='ocrx_word' id='word_1_98' title='bbox 1035 1746 1152 1818; x_wconf 90' lang='lat' dir='ltr'>Grotii</span> <span class='ocrx_word' id='word_1_99' title='bbox 1166 1743 1420 1816; x_wconf 87' lang='lat' dir='ltr'>animadvertit</span> <span class='ocrx_word' id='word_1_100' title='bbox 1432 1743 1656 1816; x_wconf 82' lang='lat' dir='ltr'>admirabilia</span> <span class='ocrx_word' id='word_1_101' title='bbox 1670 1744 1819 1842; x_wconf 89' lang='lat' dir='ltr'>quidem</span> 
     </span>
     <span class='ocr_line' id='line_1_12' title="bbox 251 1867 1820 1968; baseline 0 -26"><span class='ocrx_word' id='word_1_102' title='bbox 251 1895 327 1942; x_wconf 93' lang='lat' dir='ltr'>esse</span> <span class='ocrx_word' id='word_1_103' title='bbox 353 1869 413 1942; x_wconf 92' lang='lat' dir='ltr'>illa</span> <span class='ocrx_word' id='word_1_104' title='bbox 437 1885 472 1941; x_wconf 94' lang='lat' dir='ltr'>et</span> <span class='ocrx_word' id='word_1_105' title='bbox 494 1894 641 1968; x_wconf 88' lang='lat' dir='ltr'>prorsus</span> <span class='ocrx_word' id='word_1_106' title='bbox 658 1870 847 1967; x_wconf 90' lang='lat' dir='ltr'>antiquum</span> <span class='ocrx_word' id='word_1_107' title='bbox 865 1870 1057 1968; x_wconf 84' lang='lat' dir='ltr'>spirantia,</span> <span class='ocrx_word' id='word_1_108' title='bbox 1075 1868 1139 1941; x_wconf 88' lang='lat' dir='ltr'>sed</span> <span class='ocrx_word' id='word_1_109' title='bbox 1159 1869 1202 1940; x_wconf 94' lang='lat' dir='ltr'>iis</span> <span class='ocrx_word' id='word_1_110' title='bbox 1222 1869 1285 1966; x_wconf 93' lang='lat' dir='ltr'>qui</span> <span class='ocrx_word' id='word_1_111' title='bbox 1313 1867 1453 1965; x_wconf 88' lang='lat' dir='ltr'>singula</span> <span class='ocrx_word' id='word_1_112' title='bbox 1478 1895 1628 1968; x_wconf 87' lang='lat' dir='ltr'>quaeque</span> <span class='ocrx_word' id='word_1_113' title='bbox 1654 1885 1820 1943; x_wconf 86' lang='lat' dir='ltr'>accurate</span> 
     </span>
     <span class='ocr_line' id='line_1_13' title="bbox 250 1991 1820 2093; baseline 0.001 -28"><span class='ocrx_word' id='word_1_114' title='bbox 250 1994 350 2092; x_wconf 90' lang='lat' dir='ltr'>sequi</span> <span class='ocrx_word' id='word_1_115' title='bbox 372 2008 407 2064; x_wconf 91' lang='lat' dir='ltr'>et</span> <span class='ocrx_word' id='word_1_116' title='bbox 425 1992 623 2089; x_wconf 88' lang='lat' dir='ltr'>intelligere</span> <span class='ocrx_word' id='word_1_117' title='bbox 637 1992 769 2084; x_wconf 86' lang='lat' dir='ltr'>velint,</span> <span class='ocrx_word' id='word_1_118' title='bbox 786 2019 861 2064; x_wconf 91' lang='lat' dir='ltr'>non</span> <span class='ocrx_word' id='word_1_119' title='bbox 877 1994 962 2064; x_wconf 90' lang='lat' dir='ltr'>satis</span> <span class='ocrx_word' id='word_1_120' title='bbox 975 1993 1174 2091; x_wconf 90' lang='lat' dir='ltr'>adjumenti</span> <span class='ocrx_word' id='word_1_121' title='bbox 1189 1991 1351 2064; x_wconf 90' lang='lat' dir='ltr'>allatura.</span> <span class='ocrx_word' id='word_1_122' title='bbox 1365 1994 1545 2081; x_wconf 85' lang='lat' dir='ltr'>Quocirca</span> <span class='ocrx_word' id='word_1_123' title='bbox 1558 2009 1635 2068; x_wconf 90' lang='lat' dir='ltr'>tota</span> <span class='ocrx_word' id='word_1_124' title='bbox 1655 1996 1724 2093; x_wconf 92' lang='lat' dir='ltr'>ipsi</span> <span class='ocrx_word' id='word_1_125' title='bbox 1747 1999 1820 2068; x_wconf 78' lang='lat' dir='ltr'>An·</span> 
     </span>
     <span class='ocr_line' id='line_1_14' title="bbox 250 2116 1820 2216; baseline 0.002 -28"><span class='ocrx_word' id='word_1_126' title='bbox 250 2116 409 2212; x_wconf 91' lang='lat' dir='ltr'>thologia</span> <span class='ocrx_word' id='word_1_127' title='bbox 418 2117 468 2187; x_wconf 87' lang='lat' dir='ltr'>ad</span> <span class='ocrx_word' id='word_1_128' title='bbox 481 2117 623 2190; x_wconf 85' lang='lat' dir='ltr'>verbam</span> <span class='ocrx_word' id='word_1_129' title='bbox 639 2117 738 2216; x_wconf 91' lang='lat' dir='ltr'>quod</span> <span class='ocrx_word' id='word_1_130' title='bbox 753 2118 854 2215; x_wconf 88' lang='lat' dir='ltr'>ajunt</span> <span class='ocrx_word' id='word_1_131' title='bbox 868 2116 978 2188; x_wconf 90' lang='lat' dir='ltr'>latine</span> <span class='ocrx_word' id='word_1_132' title='bbox 992 2118 1162 2190; x_wconf 89' lang='lat' dir='ltr'>vertenda</span> <span class='ocrx_word' id='word_1_133' title='bbox 1177 2142 1253 2189; x_wconf 89' lang='lat' dir='ltr'>esse</span> <span class='ocrx_word' id='word_1_134' title='bbox 1268 2116 1458 2191; x_wconf 89' lang='lat' dir='ltr'>videbatur</span> <span class='ocrx_word' id='word_1_135' title='bbox 1471 2134 1506 2190; x_wconf 88' lang='lat' dir='ltr'>et</span> <span class='ocrx_word' id='word_1_136' title='bbox 1520 2145 1604 2204; x_wconf 84' lang='lat' dir='ltr'>eum</span> <span class='ocrx_word' id='word_1_137' title='bbox 1619 2121 1657 2191; x_wconf 93' lang='lat' dir='ltr'>in</span> <span class='ocrx_word' id='word_1_138' title='bbox 1670 2118 1820 2192; x_wconf 89' lang='lat' dir='ltr'>modum</span> 
     </span>
     <span class='ocr_line' id='line_1_15' title="bbox 249 2239 1820 2342; baseline 0.004 -32"><span class='ocrx_word' id='word_1_139' title='bbox 249 2239 457 2312; x_wconf 89' lang='lat' dir='ltr'>adornanda</span> <span class='ocrx_word' id='word_1_140' title='bbox 474 2265 548 2338; x_wconf 92' lang='lat' dir='ltr'>quo</span> <span class='ocrx_word' id='word_1_141' title='bbox 566 2243 676 2312; x_wconf 89' lang='lat' dir='ltr'>ceteri</span> <span class='ocrx_word' id='word_1_142' title='bbox 695 2243 732 2313; x_wconf 90' lang='lat' dir='ltr'>in</span> <span class='ocrx_word' id='word_1_143' title='bbox 755 2241 826 2312; x_wconf 89' lang='lat' dir='ltr'>hac</span> <span class='ocrx_word' id='word_1_144' title='bbox 843 2241 1053 2313; x_wconf 78' lang='lat' dir='ltr'>Bibliotheca</span> <span class='ocrx_word' id='word_1_145' title='bbox 1068 2243 1260 2340; x_wconf 88' lang='lat' dir='ltr'>scriptores</span> <span class='ocrx_word' id='word_1_146' title='bbox 1274 2255 1310 2312; x_wconf 91' lang='lat' dir='ltr'>et</span> <span class='ocrx_word' id='word_1_147' title='bbox 1329 2257 1444 2340; x_wconf 84' lang='lat' dir='ltr'>poetae</span> <span class='ocrx_word' id='word_1_148' title='bbox 1457 2244 1743 2342; x_wconf 89' lang='lat' dir='ltr'>conspiciuntur.</span> <span class='ocrx_word' id='word_1_149' title='bbox 1765 2244 1820 2317; x_wconf 77' lang='lat' dir='ltr'>Ad</span> 
     </span>
     <span class='ocr_line' id='line_1_16' title="bbox 250 2363 1821 2464; baseline 0.004 -30"><span class='ocrx_word' id='word_1_150' title='bbox 250 2363 426 2460; x_wconf 87' lang='lat' dir='ltr'>ejusmodi</span> <span class='ocrx_word' id='word_1_151' title='bbox 440 2389 572 2435; x_wconf 93' lang='lat' dir='ltr'>munus</span> <span class='ocrx_word' id='word_1_152' title='bbox 588 2363 798 2436; x_wconf 89' lang='lat' dir='ltr'>obeundum</span> <span class='ocrx_word' id='word_1_153' title='bbox 816 2365 875 2436; x_wconf 91' lang='lat' dir='ltr'>cui</span> <span class='ocrx_word' id='word_1_154' title='bbox 894 2365 1021 2454; x_wconf 87' lang='lat' dir='ltr'>otium,</span> <span class='ocrx_word' id='word_1_155' title='bbox 1038 2364 1202 2437; x_wconf 89' lang='lat' dir='ltr'>doctrina</span> <span class='ocrx_word' id='word_1_156' title='bbox 1216 2380 1252 2436; x_wconf 92' lang='lat' dir='ltr'>et</span> <span class='ocrx_word' id='word_1_157' title='bbox 1270 2367 1494 2464; x_wconf 88' lang='lat' dir='ltr'>poeticarum</span> <span class='ocrx_word' id='word_1_158' title='bbox 1510 2391 1684 2441; x_wconf 80' lang='lat' dir='ltr'>venerum</span> <span class='ocrx_word' id='word_1_159' title='bbox 1698 2394 1821 2442; x_wconf 88' lang='lat' dir='ltr'>sensus</span> 
     </span>
     <span class='ocr_line' id='line_1_17' title="bbox 249 2490 1820 2591; baseline 0.004 -31"><span class='ocrx_word' id='word_1_160' title='bbox 249 2502 343 2560; x_wconf 90' lang='lat' dir='ltr'>esset</span> <span class='ocrx_word' id='word_1_161' title='bbox 359 2503 396 2559; x_wconf 92' lang='lat' dir='ltr'>et</span> <span class='ocrx_word' id='word_1_162' title='bbox 410 2504 627 2590; x_wconf 85' lang='lat' dir='ltr'>superesset,</span> <span class='ocrx_word' id='word_1_163' title='bbox 646 2491 812 2560; x_wconf 90' lang='lat' dir='ltr'>inventus</span> <span class='ocrx_word' id='word_1_164' title='bbox 830 2504 882 2560; x_wconf 89' lang='lat' dir='ltr'>est</span> <span class='ocrx_word' id='word_1_165' title='bbox 899 2493 1075 2582; x_wconf 78' lang='lat' dir='ltr'>Bararus,</span> <span class='ocrx_word' id='word_1_166' title='bbox 1093 2490 1195 2586; x_wconf 90' lang='lat' dir='ltr'>cujus</span> <span class='ocrx_word' id='word_1_167' title='bbox 1217 2490 1401 2586; x_wconf 85' lang='lat' dir='ltr'>ingenium</span> <span class='ocrx_word' id='word_1_168' title='bbox 1424 2507 1461 2563; x_wconf 89' lang='lat' dir='ltr'>et</span> <span class='ocrx_word' id='word_1_169' title='bbox 1484 2493 1522 2562; x_wconf 92' lang='lat' dir='ltr'>in</span> <span class='ocrx_word' id='word_1_170' title='bbox 1544 2507 1668 2591; x_wconf 90' lang='lat' dir='ltr'>poetas</span> <span class='ocrx_word' id='word_1_171' title='bbox 1688 2519 1820 2590; x_wconf 84' lang='lat' dir='ltr'>graecos</span> 
     </span>
     <span class='ocr_line' id='line_1_18' title="bbox 248 2612 1819 2714; baseline 0.004 -30"><span class='ocrx_word' id='word_1_172' title='bbox 248 2612 449 2711; x_wconf 91' lang='lat' dir='ltr'>latinosque</span> <span class='ocrx_word' id='word_1_173' title='bbox 473 2614 600 2685; x_wconf 88' lang='lat' dir='ltr'>merita</span> <span class='ocrx_word' id='word_1_174' title='bbox 622 2637 729 2684; x_wconf 89' lang='lat' dir='ltr'>nemo</span> <span class='ocrx_word' id='word_1_175' title='bbox 755 2613 880 2684; x_wconf 91' lang='lat' dir='ltr'>nescit.</span> <span class='ocrx_word' id='word_1_176' title='bbox 908 2612 1119 2685; x_wconf 82' lang='lat' dir='ltr'>Absolverat</span> <span class='ocrx_word' id='word_1_177' title='bbox 1137 2629 1214 2685; x_wconf 89' lang='lat' dir='ltr'>tum</span> <span class='ocrx_word' id='word_1_178' title='bbox 1238 2613 1297 2685; x_wconf 89' lang='lat' dir='ltr'>ille</span> <span class='ocrx_word' id='word_1_179' title='bbox 1320 2629 1355 2686; x_wconf 89' lang='lat' dir='ltr'>et</span> <span class='ocrx_word' id='word_1_180' title='bbox 1374 2617 1605 2689; x_wconf 91' lang='lat' dir='ltr'>Comicorum</span> <span class='ocrx_word' id='word_1_181' title='bbox 1624 2643 1819 2714; x_wconf 66' lang='lat' dir='ltr'>gracorum</span> 
     </span>
     <span class='ocr_line' id='line_1_19' title="bbox 250 2734 1870 2839; baseline 0.007 -33"><span class='ocrx_word' id='word_1_182' title='bbox 250 2736 448 2833; x_wconf 86' lang='lat' dir='ltr'>fragmenta</span> <span class='ocrx_word' id='word_1_183' title='bbox 463 2751 499 2808; x_wconf 90' lang='lat' dir='ltr'>et</span> <span class='ocrx_word' id='word_1_184' title='bbox 519 2736 677 2808; x_wconf 77' lang='lat' dir='ltr'>Athenaei</span> <span class='ocrx_word' id='word_1_185' title='bbox 705 2734 1063 2834; x_wconf 90' lang='lat' dir='ltr'>dipnosophistarum</span> <span class='ocrx_word' id='word_1_186' title='bbox 1094 2736 1384 2831; x_wconf 84' lang='lat' dir='ltr'>translationem,</span> <span class='ocrx_word' id='word_1_187' title='bbox 1406 2740 1583 2814; x_wconf 84' lang='lat' dir='ltr'>Dindorfii</span> <span class='ocrx_word' id='word_1_188' title='bbox 1615 2767 1694 2839; x_wconf 84' lang='lat' dir='ltr'>quae</span> <span class='ocrx_word' id='word_1_189' title='bbox 1722 2769 1820 2816; x_wconf 90' lang='lat' dir='ltr'>nunc</span> <span class='ocrx_word' id='word_1_190' title='bbox 1864 2753 1870 2762; x_wconf 88' lang='lat'><em>&#39;</em></span> 
     </span>
     <span class='ocr_line' id='line_1_20' title="bbox 248 2859 1816 2976; baseline 0.007 -46"><span class='ocrx_word' id='word_1_191' title='bbox 248 2859 391 2958; x_wconf 89' lang='lat' dir='ltr'>prelum</span> <span class='ocrx_word' id='word_1_192' title='bbox 419 2874 557 2931; x_wconf 78' lang='lat' dir='ltr'>exercet</span> <span class='ocrx_word' id='word_1_193' title='bbox 584 2883 685 2930; x_wconf 89' lang='lat' dir='ltr'>novae</span> <span class='ocrx_word' id='word_1_194' title='bbox 707 2859 909 2940; x_wconf 85' lang='lat' dir='ltr'>recensioni</span> <span class='ocrx_word' id='word_1_195' title='bbox 938 2885 1011 2958; x_wconf 82' lang='lat' dir='ltr'>prae</span> <span class='ocrx_word' id='word_1_196' title='bbox 1040 2862 1341 2976; x_wconf 76' lang='lat' dir='ltr'>Dalechaqapiana</span> <span class='ocrx_word' id='word_1_197' title='bbox 1371 2865 1534 2938; x_wconf 84' lang='lat' dir='ltr'>versione</span> <span class='ocrx_word' id='word_1_198' title='bbox 1564 2865 1816 2963; x_wconf 87' lang='lat' dir='ltr'>adjiciendam.</span> 
     </span>
     <span class='ocr_line' id='line_1_21' title="bbox 249 2982 1817 3087; baseline 0.007 -33"><span class='ocrx_word' id='word_1_199' title='bbox 249 2989 367 3072; x_wconf 88' lang='lat' dir='ltr'>Quare</span> <span class='ocrx_word' id='word_1_200' title='bbox 384 2983 484 3057; x_wconf 80' lang='lat' dir='ltr'>laetus</span> <span class='ocrx_word' id='word_1_201' title='bbox 499 2982 623 3056; x_wconf 91' lang='lat' dir='ltr'>Didoti</span> <span class='ocrx_word' id='word_1_202' title='bbox 637 2982 750 3055; x_wconf 90' lang='lat' dir='ltr'>literis</span> <span class='ocrx_word' id='word_1_203' title='bbox 769 2983 845 3054; x_wconf 89' lang='lat' dir='ltr'>sine</span> <span class='ocrx_word' id='word_1_204' title='bbox 862 3007 964 3054; x_wconf 88' lang='lat' dir='ltr'>mora</span> <span class='ocrx_word' id='word_1_205' title='bbox 977 2988 1158 3058; x_wconf 87' lang='lat' dir='ltr'>Musarum</span> <span class='ocrx_word' id='word_1_206' title='bbox 1173 3003 1276 3087; x_wconf 89' lang='lat' dir='ltr'>prata</span> <span class='ocrx_word' id='word_1_207' title='bbox 1297 2990 1536 3062; x_wconf 86' lang='lat' dir='ltr'>amoeuissima</span> <span class='ocrx_word' id='word_1_208' title='bbox 1559 2990 1736 3086; x_wconf 85' lang='lat' dir='ltr'>ingressus</span> <span class='ocrx_word' id='word_1_209' title='bbox 1751 3005 1817 3084; x_wconf 87' lang='lat' dir='ltr'>est,</span> 
     </span>
     <span class='ocr_line' id='line_1_22' title="bbox 248 3107 1816 3212; baseline 0.008 -35"><span class='ocrx_word' id='word_1_210' title='bbox 248 3131 361 3204; x_wconf 72' lang='lat' dir='ltr'>graeca</span> <span class='ocrx_word' id='word_1_211' title='bbox 386 3133 548 3206; x_wconf 87' lang='lat' dir='ltr'>quoque,</span> <span class='ocrx_word' id='word_1_212' title='bbox 568 3122 606 3178; x_wconf 92' lang='lat' dir='ltr'>ut</span> <span class='ocrx_word' id='word_1_213' title='bbox 624 3133 646 3178; x_wconf 87' lang='lat' dir='ltr'>a</span> <span class='ocrx_word' id='word_1_214' title='bbox 661 3107 788 3180; x_wconf 92' lang='lat' dir='ltr'>critico</span> <span class='ocrx_word' id='word_1_215' title='bbox 811 3107 890 3180; x_wconf 90' lang='lat' dir='ltr'>viro</span> <span class='ocrx_word' id='word_1_216' title='bbox 916 3111 1113 3206; x_wconf 83' lang='lat' dir='ltr'>exspectari</span> <span class='ocrx_word' id='word_1_217' title='bbox 1139 3126 1301 3210; x_wconf 91' lang='lat' dir='ltr'>poterat,</span> <span class='ocrx_word' id='word_1_218' title='bbox 1328 3138 1396 3212; x_wconf 91' lang='lat' dir='ltr'>pro</span> <span class='ocrx_word' id='word_1_219' title='bbox 1423 3113 1518 3184; x_wconf 84' lang='lat' dir='ltr'>virili</span> <span class='ocrx_word' id='word_1_220' title='bbox 1549 3116 1816 3190; x_wconf 86' lang='lat' dir='ltr'>emendaturus.</span> 
     </span>
     <span class='ocr_line' id='line_1_23' title="bbox 249 3231 1820 3337; baseline 0.008 -35"><span class='ocrx_word' id='word_1_221' title='bbox 249 3231 466 3303; x_wconf 89' lang='lat' dir='ltr'>Labentibus</span> <span class='ocrx_word' id='word_1_222' title='bbox 480 3231 583 3303; x_wconf 89' lang='lat' dir='ltr'>aunis</span> <span class='ocrx_word' id='word_1_223' title='bbox 599 3233 779 3330; x_wconf 90' lang='lat' dir='ltr'>optimum</span> <span class='ocrx_word' id='word_1_224' title='bbox 796 3231 916 3303; x_wconf 89' lang='lat' dir='ltr'>virum</span> <span class='ocrx_word' id='word_1_225' title='bbox 932 3257 1008 3304; x_wconf 91' lang='lat' dir='ltr'>non</span> <span class='ocrx_word' id='word_1_226' title='bbox 1020 3235 1130 3308; x_wconf 90' lang='lat' dir='ltr'>ardor</span> <span class='ocrx_word' id='word_1_227' title='bbox 1147 3262 1309 3335; x_wconf 91' lang='lat' dir='ltr'>unquam</span> <span class='ocrx_word' id='word_1_228' title='bbox 1328 3263 1445 3337; x_wconf 88' lang='lat' dir='ltr'>neque</span> <span class='ocrx_word' id='word_1_229' title='bbox 1458 3240 1642 3331; x_wconf 86' lang='lat' dir='ltr'>alacritas,</span> <span class='ocrx_word' id='word_1_230' title='bbox 1661 3241 1724 3314; x_wconf 87' lang='lat' dir='ltr'>sed</span> <span class='ocrx_word' id='word_1_231' title='bbox 1746 3245 1820 3314; x_wconf 87' lang='lat' dir='ltr'>vita</span> 
     </span>
     <span class='ocr_line' id='line_1_24' title="bbox 248 3355 1819 3462; baseline 0.006 -34"><span class='ocrx_word' id='word_1_232' title='bbox 248 3356 410 3428; x_wconf 86' lang='lat' dir='ltr'>destituit</span> <span class='ocrx_word' id='word_1_233' title='bbox 424 3380 533 3455; x_wconf 90' lang='lat' dir='ltr'>opere</span> <span class='ocrx_word' id='word_1_234' title='bbox 549 3380 625 3426; x_wconf 92' lang='lat' dir='ltr'>non</span> <span class='ocrx_word' id='word_1_235' title='bbox 642 3355 821 3428; x_wconf 90' lang='lat' dir='ltr'>absoluto.</span> <span class='ocrx_word' id='word_1_236' title='bbox 839 3359 946 3446; x_wconf 90' lang='lat' dir='ltr'>Quod</span> <span class='ocrx_word' id='word_1_237' title='bbox 960 3361 1091 3433; x_wconf 90' lang='lat' dir='ltr'>iterum</span> <span class='ocrx_word' id='word_1_238' title='bbox 1100 3363 1251 3459; x_wconf 81' lang='lat' dir='ltr'>pendere</span> <span class='ocrx_word' id='word_1_239' title='bbox 1265 3371 1496 3462; x_wconf 70' lang='lat' dir='ltr'>interruptam</span> <span class='ocrx_word' id='word_1_240' title='bbox 1513 3361 1526 3435; x_wconf 84' lang='lat'>&#39;.·</span> <span class='ocrx_word' id='word_1_241' title='bbox 1540 3367 1671 3438; x_wconf 88' lang='lat' dir='ltr'>iterum</span> <span class='ocrx_word' id='word_1_242' title='bbox 1685 3367 1819 3440; x_wconf 83' lang='lat' dir='ltr'>haerere</span> 
     </span>
     <span class='ocr_line' id='line_1_25' title="bbox 246 3480 1214 3578; baseline 0 -26"><span class='ocrx_word' id='word_1_243' title='bbox 246 3495 285 3552; x_wconf 84' lang='lat' dir='ltr'>et</span> <span class='ocrx_word' id='word_1_244' title='bbox 297 3480 572 3578; x_wconf 88' lang='lat' dir='ltr'>circumspicere</span> <span class='ocrx_word' id='word_1_245' title='bbox 589 3480 754 3552; x_wconf 89' lang='lat' dir='ltr'>Didotus.</span> <span class='ocrx_word' id='word_1_246' title='bbox 1210 3565 1214 3574; x_wconf 28' lang='lat'>¹</span> 
     </span>
     <span class='ocr_line' id='line_1_26' title="bbox 232 3581 1818 3708; baseline 0.008 -33"><span class='ocrx_word' id='word_1_247' title='bbox 232 3635 235 3641; x_wconf 88' lang='lat'>·</span> <span class='ocrx_word' id='word_1_248' title='bbox 296 3610 437 3676; x_wconf 88' lang='lat' dir='ltr'>Interea</span> <span class='ocrx_word' id='word_1_249' title='bbox 446 3603 625 3702; x_wconf 91' lang='lat' dir='ltr'>quidquid</span> <span class='ocrx_word' id='word_1_250' title='bbox 636 3581 889 3678; x_wconf 84' lang='lat' dir='ltr'>esthominum</span> <span class='ocrx_word' id='word_1_251' title='bbox 903 3607 1140 3682; x_wconf 88' lang='lat' dir='ltr'>eruditiorum</span> <span class='ocrx_word' id='word_1_252' title='bbox 1150 3625 1186 3682; x_wconf 91' lang='lat' dir='ltr'>ct</span> <span class='ocrx_word' id='word_1_253' title='bbox 1200 3610 1427 3708; x_wconf 87' lang='lat' dir='ltr'>elegantioris</span> <span class='ocrx_word' id='word_1_254' title='bbox 1435 3611 1608 3684; x_wconf 83' lang='lat' dir='ltr'>doctrinae</span> <span class='ocrx_word' id='word_1_255' title='bbox 1620 3613 1818 3687; x_wconf 87' lang='lat' dir='ltr'>amantium</span> 
     </span>
     <span class='ocr_line' id='line_1_27' title="bbox 247 3726 1820 3828; baseline 0.008 -30"><span class='ocrx_word' id='word_1_256' title='bbox 247 3753 314 3827; x_wconf 89' lang='lat' dir='ltr'>per</span> <span class='ocrx_word' id='word_1_257' title='bbox 331 3742 445 3799; x_wconf 89' lang='lat' dir='ltr'>totam</span> <span class='ocrx_word' id='word_1_258' title='bbox 457 3726 612 3822; x_wconf 89' lang='lat' dir='ltr'>Galliam</span> <span class='ocrx_word' id='word_1_259' title='bbox 627 3728 826 3801; x_wconf 90' lang='lat' dir='ltr'>tristissimo</span> <span class='ocrx_word' id='word_1_260' title='bbox 840 3730 1048 3828; x_wconf 89' lang='lat' dir='ltr'>percellitur</span> <span class='ocrx_word' id='word_1_261' title='bbox 1063 3737 1219 3809; x_wconf 87' lang='lat' dir='ltr'>nuntio&#39;:</span> <span class='ocrx_word' id='word_1_262' title='bbox 1240 3737 1431 3811; x_wconf 89' lang='lat' dir='ltr'>decessisse</span> <span class='ocrx_word' id='word_1_263' title='bbox 1458 3737 1716 3812; x_wconf 88' lang='lat' dir='ltr'>humaniorum</span> <span class='ocrx_word' id='word_1_264' title='bbox 1743 3738 1820 3810; x_wconf 92' lang='lat' dir='ltr'>lite-</span> 
     </span>
     <span class='ocr_line' id='line_1_28' title="bbox 247 3851 1815 3962; baseline 0.009 -40"><span class='ocrx_word' id='word_1_265' title='bbox 247 3875 369 3923; x_wconf 87' lang='lat' dir='ltr'>rarum</span> <span class='ocrx_word' id='word_1_266' title='bbox 384 3851 494 3924; x_wconf 89' lang='lat' dir='ltr'>decus</span> <span class='ocrx_word' id='word_1_267' title='bbox 502 3866 539 3923; x_wconf 90' lang='lat' dir='ltr'>et</span> <span class='ocrx_word' id='word_1_268' title='bbox 549 3876 615 3951; x_wconf 90' lang='lat' dir='ltr'>per</span> <span class='ocrx_word' id='word_1_269' title='bbox 631 3853 808 3948; x_wconf 82' lang='lat' dir='ltr'>sexaginta</span> <span class='ocrx_word' id='word_1_270' title='bbox 819 3852 987 3951; x_wconf 78' lang='lat' dir='ltr'>(⁴¹)annos</span> <span class='ocrx_word' id='word_1_271' title='bbox 999 3859 1210 3955; x_wconf 89' lang='lat' dir='ltr'>magistrum</span> <span class='ocrx_word' id='word_1_272' title='bbox 1220 3875 1294 3932; x_wconf 88' lang='lat' dir='ltr'>tam</span> <span class='ocrx_word' id='word_1_273' title='bbox 1307 3862 1544 3961; x_wconf 92' lang='lat' dir='ltr'>popularibus</span> <span class='ocrx_word' id='word_1_274' title='bbox 1553 3889 1665 3962; x_wconf 89' lang='lat' dir='ltr'>quam</span> <span class='ocrx_word' id='word_1_275' title='bbox 1675 3865 1815 3936; x_wconf 84' lang='lat' dir='ltr'>exteris.</span> 
     </span>
     <span class='ocr_line' id='line_1_29' title="bbox 248 3972 1817 4086; baseline 0.01 -43"><span class='ocrx_word' id='word_1_276' title='bbox 248 3976 293 4044; x_wconf 78' lang='lat' dir='ltr'>lt</span> <span class='ocrx_word' id='word_1_277' title='bbox 310 3972 459 4070; x_wconf 84' lang='lat' dir='ltr'>dignum</span> <span class='ocrx_word' id='word_1_278' title='bbox 476 3989 577 4048; x_wconf 91' lang='lat' dir='ltr'>tanto</span> <span class='ocrx_word' id='word_1_279' title='bbox 596 3990 697 4074; x_wconf 91' lang='lat' dir='ltr'>patre</span> <span class='ocrx_word' id='word_1_280' title='bbox 721 3977 854 4068; x_wconf 88' lang='lat' dir='ltr'>lilium,</span> <span class='ocrx_word' id='word_1_281' title='bbox 869 3986 1068 4054; x_wconf 75' lang='lat' dir='ltr'>Gnsrnvuu</span> <span class='ocrx_word' id='word_1_282' title='bbox 1094 3987 1313 4056; x_wconf 75' lang='lat' dir='ltr'>Borssoulns</span> <span class='ocrx_word' id='word_1_283' title='bbox 1323 3983 1339 4076; x_wconf 72' lang='lat'>,&#39;</span> <span class='ocrx_word' id='word_1_284' title='bbox 1349 4009 1567 4083; x_wconf 90' lang='lat' dir='ltr'>quamquam</span> <span class='ocrx_word' id='word_1_285' title='bbox 1590 3986 1735 4083; x_wconf 80' lang='lat' dir='ltr'>injuris</span> <span class='ocrx_word' id='word_1_286' title='bbox 1753 4013 1817 4086; x_wconf 92' lang='lat' dir='ltr'>pe-</span> 
     </span>
     <span class='ocr_line' id='line_1_30' title="bbox 248 4097 1816 4208; baseline 0.009 -40"><span class='ocrx_word' id='word_1_287' title='bbox 248 4097 444 4171; x_wconf 87' lang='lat' dir='ltr'>netralibus</span> <span class='ocrx_word' id='word_1_288' title='bbox 459 4098 706 4192; x_wconf 70' lang='lat' dir='ltr'>habitantem,</span> <span class='ocrx_word' id='word_1_289' title='bbox 724 4127 917 4198; x_wconf 80' lang='lat' dir='ltr'>graecarum</span> <span class='ocrx_word' id='word_1_290' title='bbox 931 4104 1140 4180; x_wconf 88' lang='lat' dir='ltr'>chartarum</span> <span class='ocrx_word' id='word_1_291' title='bbox 1152 4108 1191 4181; x_wconf 91' lang='lat' dir='ltr'>in</span> <span class='ocrx_word' id='word_1_292' title='bbox 1203 4109 1400 4181; x_wconf 87' lang='lat' dir='ltr'>hereditate</span> <span class='ocrx_word' id='word_1_293' title='bbox 1419 4115 1568 4208; x_wconf 79' lang='lat' dir='ltr'>paterna</span> <span class='ocrx_word' id='word_1_294' title='bbox 1588 4103 1714 4207; x_wconf 78' lang='lat' dir='ltr'>ingens</span> <span class='ocrx_word' id='word_1_295' title='bbox 1735 4111 1816 4182; x_wconf 88' lang='lat' dir='ltr'>the·</span> 
     </span>
     <span class='ocr_line' id='line_1_31' title="bbox 247 4224 1817 4330; baseline 0.007 -37"><span class='ocrx_word' id='word_1_296' title='bbox 247 4233 373 4296; x_wconf 84' lang='lat' dir='ltr'>saurus</span> <span class='ocrx_word' id='word_1_297' title='bbox 394 4225 542 4296; x_wconf 88' lang='lat' dir='ltr'>minime</span> <span class='ocrx_word' id='word_1_298' title='bbox 564 4224 693 4299; x_wconf 91' lang='lat' dir='ltr'>habuit</span> <span class='ocrx_word' id='word_1_299' title='bbox 716 4228 933 4326; x_wconf 90' lang='lat' dir='ltr'>imparatum</span> <span class='ocrx_word' id='word_1_300' title='bbox 960 4257 968 4300; x_wconf 74' lang='grc' dir='ltr'><strong>ε</strong></span> <span class='ocrx_word' id='word_1_301' title='bbox 996 4229 1151 4328; x_wconf 90' lang='lat' dir='ltr'>plurima</span> <span class='ocrx_word' id='word_1_302' title='bbox 1168 4228 1232 4300; x_wconf 95' lang='lat' dir='ltr'>diu</span> <span class='ocrx_word' id='word_1_303' title='bbox 1255 4229 1416 4326; x_wconf 88' lang='lat' dir='ltr'>neglecta</span> <span class='ocrx_word' id='word_1_304' title='bbox 1434 4245 1470 4302; x_wconf 89' lang='lat' dir='ltr'>et</span> <span class='ocrx_word' id='word_1_305' title='bbox 1494 4230 1745 4330; x_wconf 83' lang='lat' dir='ltr'>sibyllinorum</span> <span class='ocrx_word' id='word_1_306' title='bbox 1769 4232 1817 4306; x_wconf 85' lang='lat' dir='ltr'>ad</span> 
     </span>
     <span class='ocr_line' id='line_1_32' title="bbox 247 4347 1818 4454; baseline 0.008 -38"><span class='ocrx_word' id='word_1_307' title='bbox 247 4347 358 4417; x_wconf 88' lang='lat' dir='ltr'>instar</span> <span class='ocrx_word' id='word_1_308' title='bbox 372 4347 542 4422; x_wconf 83' lang='lat' dir='ltr'>loliorum</span> <span class='ocrx_word' id='word_1_309' title='bbox 551 4349 709 4449; x_wconf 88' lang='lat' dir='ltr'>dispersa</span> <span class='ocrx_word' id='word_1_310' title='bbox 719 4354 791 4424; x_wconf 90' lang='lat' dir='ltr'>suis</span> <span class='ocrx_word' id='word_1_311' title='bbox 805 4378 955 4454; x_wconf 84' lang='lat' dir='ltr'>quaeque</span> <span class='ocrx_word' id='word_1_312' title='bbox 965 4353 1066 4448; x_wconf 89' lang='lat' dir='ltr'>locis,</span> <span class='ocrx_word' id='word_1_313' title='bbox 1081 4379 1148 4426; x_wconf 91' lang='lat' dir='ltr'>suo</span> <span class='ocrx_word' id='word_1_314' title='bbox 1162 4354 1358 4452; x_wconf 89' lang='lat' dir='ltr'>particulas</span> <span class='ocrx_word' id='word_1_315' title='bbox 1371 4380 1532 4454; x_wconf 88' lang='lat' dir='ltr'>quasque</span> <span class='ocrx_word' id='word_1_316' title='bbox 1542 4357 1645 4454; x_wconf 89' lang='lat' dir='ltr'>operi</span> <span class='ocrx_word' id='word_1_317' title='bbox 1658 4356 1818 4429; x_wconf 90' lang='lat' dir='ltr'>reddidit</span> 
     </span>
     <span class='ocr_line' id='line_1_33' title="bbox 246 4468 1814 4579; baseline 0.009 -39"><span class='ocrx_word' id='word_1_318' title='bbox 246 4468 355 4541; x_wconf 90' lang='lat' dir='ltr'>docta</span> <span class='ocrx_word' id='word_1_319' title='bbox 377 4485 412 4542; x_wconf 89' lang='lat' dir='ltr'>et</span> <span class='ocrx_word' id='word_1_320' title='bbox 435 4473 494 4570; x_wconf 90' lang='lat' dir='ltr'>pia</span> <span class='ocrx_word' id='word_1_321' title='bbox 513 4473 656 4568; x_wconf 88' lang='lat' dir='ltr'>juvenis</span> <span class='ocrx_word' id='word_1_322' title='bbox 676 4476 745 4548; x_wconf 90' lang='lat' dir='ltr'>viri</span> <span class='ocrx_word' id='word_1_323' title='bbox 763 4476 959 4574; x_wconf 87' lang='lat' dir='ltr'>diligentia.</span> <span class='ocrx_word' id='word_1_324' title='bbox 980 4480 1038 4550; x_wconf 90' lang='lat' dir='ltr'>Sic</span> <span class='ocrx_word' id='word_1_325' title='bbox 1058 4480 1330 4552; x_wconf 86' lang='lat' dir='ltr'>annotationem</span> <span class='ocrx_word' id='word_1_326' title='bbox 1348 4481 1384 4551; x_wconf 90' lang='lat' dir='ltr'>iu</span> <span class='ocrx_word' id='word_1_327' title='bbox 1407 4481 1664 4579; x_wconf 88' lang='lat' dir='ltr'>epigrammata</span> <span class='ocrx_word' id='word_1_328' title='bbox 1681 4505 1814 4577; x_wconf 58' lang='grc' dir='ltr'>μω,</span> 
     </span>
     <span class='ocr_line' id='line_1_34' title="bbox 247 4592 1815 4705; baseline 0.011 -42"><span class='ocrx_word' id='word_1_329' title='bbox 247 4592 417 4665; x_wconf 88' lang='lat' dir='ltr'>brevibus</span> <span class='ocrx_word' id='word_1_330' title='bbox 435 4595 605 4668; x_wconf 89' lang='lat' dir='ltr'>chartulis</span> <span class='ocrx_word' id='word_1_331' title='bbox 623 4601 852 4672; x_wconf 89' lang='lat' dir='ltr'>commissam</span> <span class='ocrx_word' id='word_1_332' title='bbox 866 4616 902 4673; x_wconf 91' lang='lat' dir='ltr'>et</span> <span class='ocrx_word' id='word_1_333' title='bbox 911 4628 976 4701; x_wconf 89' lang='lat' dir='ltr'>per</span> <span class='ocrx_word' id='word_1_334' title='bbox 989 4604 1115 4700; x_wconf 89' lang='lat' dir='ltr'>viginti</span> <span class='ocrx_word' id='word_1_335' title='bbox 1128 4628 1273 4676; x_wconf 87' lang='lat' dir='ltr'>annosa</span> <span class='ocrx_word' id='word_1_336' title='bbox 1285 4620 1388 4703; x_wconf 87' lang='lat' dir='ltr'>patre</span> <span class='ocrx_word' id='word_1_337' title='bbox 1402 4605 1629 4695; x_wconf 89' lang='lat' dir='ltr'>derelictam,</span> <span class='ocrx_word' id='word_1_338' title='bbox 1644 4620 1815 4705; x_wconf 83' lang='lat' dir='ltr'>tanquam</span> 
     </span>
     <span class='ocr_line' id='line_1_35' title="bbox 249 4717 1819 4830; baseline 0.009 -42"><span class='ocrx_word' id='word_1_339' title='bbox 249 4717 413 4790; x_wconf 87' lang='lat' dir='ltr'>Virbium</span> <span class='ocrx_word' id='word_1_340' title='bbox 435 4718 686 4821; x_wconf 88' lang='lat' dir='ltr'>undecumque</span> <span class='ocrx_word' id='word_1_341' title='bbox 710 4723 856 4822; x_wconf 84' lang='lat' dir='ltr'>collegit</span> <span class='ocrx_word' id='word_1_342' title='bbox 875 4747 948 4798; x_wconf 87' lang='lat' dir='ltr'>una</span> <span class='ocrx_word' id='word_1_343' title='bbox 972 4753 1057 4800; x_wconf 89' lang='lat' dir='ltr'>cum</span> <span class='ocrx_word' id='word_1_344' title='bbox 1081 4731 1202 4826; x_wconf 87' lang='lat' dir='ltr'>graecis</span> <span class='ocrx_word' id='word_1_345' title='bbox 1222 4730 1333 4828; x_wconf 89' lang='lat' dir='ltr'>patris</span> <span class='ocrx_word' id='word_1_346' title='bbox 1358 4754 1469 4802; x_wconf 89' lang='lat' dir='ltr'>manu</span> <span class='ocrx_word' id='word_1_347' title='bbox 1491 4732 1682 4820; x_wconf 90' lang='lat' dir='ltr'>correctis,</span> <span class='ocrx_word' id='word_1_348' title='bbox 1711 4733 1819 4830; x_wconf 90' lang='lat' dir='ltr'>atque</span> 
     </span>
     <span class='ocr_line' id='line_1_36' title="bbox 247 4842 1815 4952; baseline 0.01 -40"><span class='ocrx_word' id='word_1_349' title='bbox 247 4866 338 4940; x_wconf 90' lang='lat' dir='ltr'>opus</span> <span class='ocrx_word' id='word_1_350' title='bbox 359 4842 577 4918; x_wconf 79' lang='lat' dir='ltr'>Bibliotheca</span> <span class='ocrx_word' id='word_1_351' title='bbox 594 4844 793 4920; x_wconf 88' lang='lat' dir='ltr'>Didotianae</span> <span class='ocrx_word' id='word_1_352' title='bbox 809 4848 898 4921; x_wconf 93' lang='lat' dir='ltr'>olim</span> <span class='ocrx_word' id='word_1_353' title='bbox 920 4849 1139 4925; x_wconf 87' lang='lat' dir='ltr'>destinatum</span> <span class='ocrx_word' id='word_1_354' title='bbox 1160 4853 1255 4926; x_wconf 87' lang='lat' dir='ltr'>felici</span> <span class='ocrx_word' id='word_1_355' title='bbox 1275 4878 1385 4952; x_wconf 90' lang='lat' dir='ltr'>opera</span> <span class='ocrx_word' id='word_1_356' title='bbox 1403 4855 1626 4928; x_wconf 87' lang='lat' dir='ltr'>instauravit.</span> <span class='ocrx_word' id='word_1_357' title='bbox 1656 4859 1815 4927; x_wconf 75' lang='lat' dir='ltr'>benevo-</span> 
     </span>
    </p>
   </div>
   <div class='ocr_carea' id='block_1_3' title="bbox 246 5073 1822 5338">
    <p class='ocr_par' dir='ltr' id='par_1_4' title="bbox 246 5073 1822 5338">
     <span class='ocr_line' id='line_1_37' title="bbox 283 5073 1819 5160; baseline 0.008 -33"><span class='ocrx_word' id='word_1_358' title='bbox 283 5073 318 5142; x_wconf 80' lang='lat'>(*)</span> <span class='ocrx_word' id='word_1_359' title='bbox 332 5076 383 5128; x_wconf 88' lang='lat' dir='ltr'>Per</span> <span class='ocrx_word' id='word_1_360' title='bbox 395 5093 477 5128; x_wconf 88' lang='lat' dir='ltr'>annos</span> <span class='ocrx_word' id='word_1_361' title='bbox 488 5083 645 5144; x_wconf 70' lang='lat' dir='ltr'>sexaginta!</span> <span class='ocrx_word' id='word_1_362' title='bbox 654 5077 722 5131; x_wconf 89' lang='lat' dir='ltr'>Nam</span> <span class='ocrx_word' id='word_1_363' title='bbox 739 5078 852 5134; x_wconf 88' lang='lat' dir='ltr'>docendi</span> <span class='ocrx_word' id='word_1_364' title='bbox 872 5083 977 5136; x_wconf 87' lang='lat' dir='ltr'>initium</span> <span class='ocrx_word' id='word_1_365' title='bbox 991 5084 1082 5138; x_wconf 82' lang='lat' dir='ltr'>secisse</span> <span class='ocrx_word' id='word_1_366' title='bbox 1096 5084 1225 5139; x_wconf 86' lang='lat' dir='ltr'>dicendus</span> <span class='ocrx_word' id='word_1_367' title='bbox 1241 5097 1280 5140; x_wconf 79' lang='lat' dir='ltr'>est</span> <span class='ocrx_word' id='word_1_368' title='bbox 1292 5086 1479 5146; x_wconf 86' lang='lat' dir='ltr'>Boissonadius</span> <span class='ocrx_word' id='word_1_369' title='bbox 1491 5105 1545 5160; x_wconf 88' lang='lat' dir='ltr'>quo</span> <span class='ocrx_word' id='word_1_370' title='bbox 1563 5105 1635 5142; x_wconf 83' lang='lat' dir='ltr'>anno</span> <span class='ocrx_word' id='word_1_371' title='bbox 1649 5089 1747 5160; x_wconf 87' lang='lat' dir='ltr'>scripta</span> <span class='ocrx_word' id='word_1_372' title='bbox 1766 5087 1819 5140; x_wconf 86' lang='lat' dir='ltr'>dis·</span> 
     </span>
     <span class='ocr_line' id='line_1_38' title="bbox 247 5172 1822 5264; baseline 0.01 -41"><span class='ocrx_word' id='word_1_373' title='bbox 247 5172 387 5225; x_wconf 72' lang='lat' dir='ltr'>sanatione</span> <span class='ocrx_word' id='word_1_374' title='bbox 398 5173 534 5246; x_wconf 87' lang='lat' dir='ltr'>respondit</span> <span class='ocrx_word' id='word_1_375' title='bbox 546 5172 694 5230; x_wconf 73' lang='lat' dir='ltr'>taaemiae</span> <span class='ocrx_word' id='word_1_376' title='bbox 710 5175 744 5230; x_wconf 87' lang='lat' dir='ltr'>ad</span> <span class='ocrx_word' id='word_1_377' title='bbox 761 5179 934 5248; x_wconf 65' lang='lat' dir='ltr'>questionem</span> <span class='ocrx_word' id='word_1_378' title='bbox 949 5179 1101 5264; x_wconf 86' lang='lat' dir='ltr'>hujusmodi</span> <span class='ocrx_word' id='word_1_379' title='bbox 1117 5199 1124 5237; x_wconf 93' lang='lat'><strong>:</strong></span> <span class='ocrx_word' id='word_1_380' title='bbox 1138 5182 1294 5238; x_wconf 79' lang='lat' dir='ltr'>Rechemhrr</span> <span class='ocrx_word' id='word_1_381' title='bbox 1306 5183 1342 5238; x_wconf 84' lang='lat' dir='ltr'>ies</span> <span class='ocrx_word' id='word_1_382' title='bbox 1363 5203 1465 5256; x_wconf 78' lang='lat' dir='ltr'>muyans</span> <span class='ocrx_word' id='word_1_383' title='bbox 1485 5183 1517 5238; x_wconf 83' lang='lat' dir='ltr'>de</span> <span class='ocrx_word' id='word_1_384' title='bbox 1538 5185 1653 5239; x_wconf 84' lang='lat' dir='ltr'>raaimer</span> <span class='ocrx_word' id='word_1_385' title='bbox 1670 5203 1701 5239; x_wconf 81' lang='lat' dir='ltr'>ea</span> <span class='ocrx_word' id='word_1_386' title='bbox 1721 5187 1822 5239; x_wconf 82' lang='lat' dir='ltr'>Frarrce</span> 
     </span>
     <span class='ocr_line' id='line_1_39' title="bbox 246 5264 1361 5338; baseline 0.013 -16"><span class='ocrx_word' id='word_1_387' title='bbox 246 5264 346 5322; x_wconf 69' lang='lat' dir='ltr'>Perrrde</span> <span class='ocrx_word' id='word_1_388' title='bbox 355 5267 392 5322; x_wconf 79' lang='lat' dir='ltr'>da</span> <span class='ocrx_word' id='word_1_389' title='bbox 404 5287 462 5338; x_wconf 72' lang='lat' dir='ltr'>grec</span> <span class='ocrx_word' id='word_1_390' title='bbox 476 5270 649 5338; x_wconf 71' lang='lat' dir='ltr'>adularis,</span> <span class='ocrx_word' id='word_1_391' title='bbox 665 5281 727 5328; x_wconf 84' lang='lat' dir='ltr'>ante</span> <span class='ocrx_word' id='word_1_392' title='bbox 737 5273 790 5328; x_wconf 85' lang='lat' dir='ltr'>hoc</span> <span class='ocrx_word' id='word_1_393' title='bbox 804 5275 929 5331; x_wconf 72' lang='lat' dir='ltr'>taculum</span> <span class='ocrx_word' id='word_1_394' title='bbox 942 5296 1013 5332; x_wconf 88' lang='lat' dir='ltr'>anuo</span> <span class='ocrx_word' id='word_1_395' title='bbox 1025 5278 1108 5334; x_wconf 86' lang='lat' dir='ltr'>altero</span> <span class='ocrx_word' id='word_1_396' title='bbox 1136 5279 1310 5336; x_wconf 77' lang='lat' dir='ltr'>MDCCXCV</span> <span class='ocrx_word' id='word_1_397' title='bbox 1310 5281 1361 5337; x_wconf 84' lang='lat'>111.</span> 
     </span>
    </p>
   </div>
   <div class='ocr_carea' id='block_1_4' title="bbox 0 0 1978 5952">
    <p class='ocr_par' dir='ltr' id='par_1_5' title="bbox 0 0 1978 5952">
     <span class='ocr_line' id='line_1_40' title="bbox 0 0 1978 5952; baseline 0 4"><span class='ocrx_word' id='word_1_398' title='bbox 0 0 1978 5952; x_wconf 95' lang='lat' dir='ltr'> </span> 
     </span>
    </p>
   </div>
  </div>
 </body>
</html>
