3946 5952
563 430 688 492 CAPUT
709 432 731 492 l.
755 429 984 492 cuulsrlnitn
1008 431 1299 493 EPIGRAMMATA.

336 617 388 663 120.
406 617 446 662 Ἐν
458 614 608 678 Βλαχέρναις.
621 615 724 677 'lapdon

130 738 163 798 Et
173 735 283 819 ιρρικτθν
294 738 322 794 ἐν
333 740 368 816 γῇ
379 741 425 795 τοῦ
438 741 494 796 θεοῦ
508 740 592 807 ζητεῖς
603 737 701 818 θρόνον,

129 823 191 884 ἰδὼν
205 824 251 884 τόν
263 813 334 883 οἶκον
347 823 485 901 θαύμασον
499 828 545 896 τῆς
560 825 701 906 παρθένου·

130 916 147 983 ἡ
162 911 214 993 γάρ
229 911 345 993 φύρουσα
358 911 403 972 τόν
416 913 473 972 θεὸν
486 921 541 980 ταῖς
553 913 698 993 ἀγκάλαις,

131 999 206 1082 φόρει
221 1000 266 1059 τὸν
280 999 358 1059 αὐτὸν
374 1001 410 1066 εἰς
422 1000 451 1058 τὸ
464 1005 511 1058 τοῦ
521 999 603 1066 τόπου
620 1000 712 1069 σε’όας·

94 1123 106 1160 ς
132 1094 243 1150 ἐνταῦθα
254 1093 303 1161 τῆς
316 1091 365 1166 γῆς
378 1091 402 1147 οἱ
413 1097 520 1168 κρατεῖν
534 1091 689 1168 τεταγμένοι

132 1175 167 1236 τά
180 1180 304 1256 σκῆπτρα
316 1175 468 1235 πιστεύουσι
481 1181 528 1250 τῆς
540 1175 612 1251 νθιης
624 1177 716 1258 ἀχην-

133 1267 243 1325 όνταῦθα
257 1263 359 1332 πολλὰς
373 1264 503 1341 κωμικὰς
519 1267 682 1347 περιστάσεις

132 1357 147 1410 θ
160 1344 327 1434 πατριάρχης
339 1355 477 1431 ἀγρυπνῶν
490 1354 646 1433 ἀνατρέπει·

134 1445 156 1501 οἱ
173 1442 303 1524 βάρύαροι
315 1443 343 1501 δὲ
354 1427 548 1524 προσόαλόντες
559 1449 592 1526 τῇ
603 1446 689 1517 πόλει,

85 1561 108 1600 ιι,
135 1530 217 1604 αύτὴν
229 1531 452 1614 στρατηγήσασαν
465 1536 498 1599 ὡς
508 1521 575 1592 εἶδον
588 1531 677 1609 μόνον,

134 1620 258 1701 ἔκαμψαν
271 1619 343 1688 εὗθθς
354 1619 414 1687 τοὺς
426 1621 558 1697 ἀκαμπεῖς
570 1620 692 1700 αὐχένας.

371 1767 422 1813 121.
437 1764 609 1819 Εἰςτθναύτὸν
621 1765 686 1815 ναόν.

133 1885 209 1946 Ἔδει
218 1882 341 1964 γενέσθαι
351 1883 477 1966 δευτέραν
488 1891 545 1946 θεοῦ
558 1887 641 1959 πύλην

71 1961 78 1976 “
133 1976 182 2043 τῆς
196 1971 328 2052 παρθένου
339 1971 382 2032 τόν
391 1963 476 2047 οἶκον,
486 1977 522 2039 όις
533 1974 578 2033 καλ
592 1975 635 2034 τὸν
648 1975 739 2036 τόκον·

134 2059 250 2126 κιόωτθς
261 2058 337 2139 ὤφθη
351 2064 396 2130 τῆς
409 2062 469 2138 πρὶν
485 2062 654 2142 ἀνθειστέρα,

135 2152 166 2208 ού
178 2149 226 2215 τὰς
237 2147 341 2214 πλάκας
355 2147 465 2226 φέρουσα
480 2147 528 2216 τάς
540 2149 712 2232 θεογράρους,
747 2227 752 2237 ,

98 2273 110 2308 ς
137 2236 200 2294 ἀλλ’
217 2235 296 2296 αὐτὸν
311 2235 381 2294 ἔνδον
393 2236 436 2296 τόν
452 2237 508 2298 θεὸν
523 2239 676 2316 δεδεγμένη.

135 2323 266 2384 Ἐνταῦθα
283 2323 385 2403 κρουνοὶ
400 2329 531 2403 σαρκικῶν
546 2327 710 2406 καθαρσίων,

136 2411 182 2470 καὶ
196 2407 318 2491 ιθὲνχιιιῶν
332 2409 461 2492 λύτρωσις
475 2414 659 2493 ἀγνοημάτων·

135 2499 194 2559 ύσαι
207 2498 261 2579 γάρ
274 2500 327 2558 εἰσι
337 2502 390 2558 τῶν
406 2504 496 2562 παθῶν
509 2503 691 2582 περιστάσεις,

137 2587 223 2664 βλόζει
232 2585 366 2654 τοσαύτας
380 2586 478 2670 δωρεάς
492 2593 543 2647 τῶν
559 2589 711 2667 θαυμάτων.

92 2707 114 2746 rb
136 2674 269 2736 Ἐνταῦθα
285 2673 417 2745 νικήσασα
431 2677 491 2743 τοὺς
509 2677 655 2751 ἐναντίους,

138 2764 236 2820 ἀνεῖλεν
252 2762 349 2829 αὐτούς
369 2763 428 2820 ἀντὶ
442 2763 539 2844 Mlti<
552 2767 587 2832 εἰς
600 2764 685 2847 ὕδωρ·

137 2855 233 2930 τροπῆς
244 2853 298 2932 γάρ
313 2850 455 2911 ἀλλοίωσιν
472 2853 519 2910 οὐκ
532 2853 587 2933 ἔχει
602 2854 683 2930 μόνη,

139 2938 250 3018 Χριστόν
265 2944 381 2999 τεκοῦσα
396 2941 442 2999 καὶ
458 2943 588 3001 κλονοῦσα
605 2941 762 3022 βαρόάρους.

261 3091 329 3141 122.
355 3082 506 3141 lilxalln
527 3083 798 3144 ΧΑΡΤΟΦΥΛᾹΞ.

252 3224 292 3280 Εἷς
300 3225 343 3282 τὴν
356 3225 474 3274 θεοτόκον
481 3225 648 3288 βαστάζουσαν
655 3225 696 3276 τόν
706 3225 814 3291 Χριστόν.

145 3344 217 3419 Αὕτη
232 3353 344 3408 τεκοῦσα
364 3347 492 3429 παρθένος
505 3350 583 3409 πάλιν
600 3349 682 3428 μένει·

142 3435 186 3494 καὶ
200 3433 239 3513 μὴ
253 3441 378 3517 θροηθῇς·
394 3437 512 3518 ἔστιγὰρ
525 3437 554 3497 τθ
567 3439 671 3498 παιδίον

144 3523 212 3598 θεὸς,
225 3524 339 3596 θελήσας
351 3525 549 3606 προσλαάέσθαι
565 3527 683 3608 σαρκίον.

371 3677 439 3729 123.
462 3670 697 3732 marouwa&

284 3808 324 3865 Εἰς
337 3808 378 3858 τὸν
395 3810 496 3872 Κρανίον
513 3811 575 3859 λίθον
592 3811 617 3860 ἀν
626 3810 786 3874 Ἰερουσαλήμ.

147 3925 234 4006 Πέτρα
244 3929 469 4008 τριομακάρισττ,
481 3907 617 3992 θεόσσυτον
633 3925 699 4010 οἶμα
714 3938 847 4014 λαχοῦσα,

147 4014 250 4092 ὠρανύη
264 4016 343 4094 γενεή
358 4039 388 4075 σε
399 4019 538 4098 πυρίπνυος
554 4021 742 4102 ἀμφιπολεύοι,

148 4100 188 4159 καθ
201 4102 293 4182 χθονὸς
308 4105 457 4186 ἀνναετῆρες
472 4107 611 4188 ἀνάκτορες
626 4111 814 4186 ὑμνοπολοῦσι.

1188 618 1233 662 tw.
1248 620 1274 661 lu
1292 617 1429 664 illacberuh
1441 621 1519 665 iambi.

961 741 986 791 si
996 740 1152 791 tremendum
1161 741 1187 792 in
1195 741 1269 792 tern's
1278 741 1323 792 Dei
1334 742 1427 806 quaeris
1437 743 1567 804 thronum.

962 842 1063 880 remens
1072 829 1173 881 domum
1185 829 1306 882 admirare
1314 831 1428 896 Virginis.

962 921 1019 982 Ipsa
1030 918 1094 969 erum
1108 918 1188 970 terens
1198 921 1279 970 Deum
1288 919 1315 968 in
1328 920 1406 982 ulnis,

963 1007 1011 1058 lert
1024 1006 1130 1058 eundem
1139 1006 1164 1057 in
1174 1005 1238 1058 bano
1245 1007 1295 1058 loci
1304 1009 1465 1074 majestatem.

963 1097 1010 1145 llio
1018 1099 1091 1146 temes
1099 1095 1143 1159 qui
1152 1095 1272 1148 dominari
1277 1097 1410 1162 jussisunt
1445 1096 1449 1104 '

963 1187 1061 1248 sceptra
1072 1183 1174 1235 creduut
1184 1184 1294 1236 νίοθτὶοὶε
1302 1187 1399 1245 teuere;

963 1273 1004 1325 hio
1012 1275 1103 1326 multoe
1113 1274 1251 1326 mundanos
1261 1289 1333 1328 casus

939 1388 943 1414 ι
962 1361 1103 1425 patriarcba
1115 1362 1330 1427 rigianaarertin
1405 1355 1411 1366 '

939 1417 943 1472 Ι
963 1447 1113 1514 Barbarique
1121 1448 1325 1513 impetu-ruentes
1337 1451 1362 1500 iu
1375 1450 1468 1512 urbem,

964 1536 1043 1599 ipsam
1051 1536 1314 1588 exercitus-dueentem
1326 1541 1355 1589 ut
1367 1542 1544 1604 conspexerunt
1553 1542 1663 1604 tantum,

965 1627 1407 1681 flexeruntstatiminllaxibiliaoolla.
1512 1691 1513 1696 Ἰ

1215 1765 1261 1809 lat.
1276 1767 1302 1809 in
1313 1764 1392 1810 eadem
1401 1765 1503 1812 melesio.

965 1883 1100 1948 oportebat
1109 1885 1161 1935 deri
1170 1886 1273 1937 alteram
1282 1886 1328 1938 Dei
1336 1889 1433 1951 portam

941 1949 945 2023 θ
965 1973 1073 2038 Virginis
1088 1973 1190 2025 domum
1206 1978 1235 2025 ut
1250 1978 1275 2026 et
1285 1978 1391 2040 partum.

966 2067 1030 2114 Arca
1043 2064 1156 2128 apparuit
1167 2064 1269 2128 pristina
1285 2065 1399 2126 divinior,

966 2166 1015 2201 non
1028 2151 1126 2203 mbulns
1140 2165 1227 2217 gerens
1240 2155 1448 2216 aDooexaratas‚

966 2238 1009 2290 sed
1023 2239 1106 2302 ipsum
1118 2239 1186 2290 intua
1195 2242 1276 2290 Deum
1292 2242 1424 2304 complexa.

966 2327 1012 2375 liic
1028 2325 1188 2390 scaturigines
1204 2326 1338 2378 carnalium
1350 2328 1535 2392 purgationum.

967 2415 991 2462 et
1004 2411 1148 2463 mentalium
1160 2413 1260 2464 abolitio
1272 2428 1393 2465 errorum.

967 2504 1034 2559 Quot
1042 2501 1108 2552 enim
1121 2505 1180 2553 sunt
1192 2503 1361 2554 calamitatum
1373 2513 1459 2567 meus,

942 2578 946 2696 ρ
967 2589 1075 2640 eirundit
1089 2592 1126 2641 tot
1142 2590 1206 2641 dona
1219 2590 1404 2643 miraculorum.

943 2699 947 2766 ρ
967 2683 1104 2744 illaquam
1117 2679 1263 2732 debellasset
1275 2681 1442 2744 aduersarios,
1543 2749 1545 2754 y

966 2768 1136 2832 pessumdedit
1150 2767 1205 2820 illos
1219 2781 1264 2833 pro
1275 2770 1359 2821 lanoea
1372 2771 1398 2820 in
1412 2771 1485 2834 aquis
1499 2787 1505 2814 τ

968 2856 1190 2907 transiomnntiouis
1205 2857 1270 2907 onim
1283 2859 1445 2910 mutationem
1457 2874 1503 2910 nou
1518 2863 1643 2925 experitur
1656 2865 1720 2924 sola,

968 2957 1025 3006 qum
1038 2942 1165 2995 christum
1178 2944 1272 3010 peperit
1284 2948 1309 2996 et
1323 2947 1393 3011 lugat
1401 2947 1529 3000 Barbaros.

1117 3104 1168 3148 122.
1187 3101 1328 3150 ulcunua
1344 3102 1605 3152 cunuropflruax.

1145 3243 1170 3282 in
1183 3239 1299 3295 belparam
1313 3243 1436 3295 gestautem
1450 3239 1573 3286 christum.

945 3425 949 3435 ¹
970 3372 1030 3419 llaen
1044 3383 1101 3433 ιςιιιο
1111 3371 1206 3435 peperit
1219 3371 1288 3436 virgo
1301 3384 1389 3424 rursus
1402 3376 1492 3424 manet.

969 3461 1005 3508 Aa
1016 3471 1047 3508 ne
1061 3458 1213 3510 oouturberis
1225 3475 1231 3502 ι
1245 3463 1284 3511 est
1294 3460 1361 3512 euim
1369 3461 1451 3511 intans
1461 3462 1501 3514 ille

970 3545 1043 3610 deus,
1056 3547 1188 3611 qui-voluit
1202 3563 1328 3632 assumere
1342 3563 1448 3602 carnem.

1237 3693 1288 3739 12³.
1313 3691 1487 3740 SOPHRONH.

1143 3820 1168 3861 ln
1185 3817 1289 3863 cainone
1303 3831 1382 3876 rupem
1395 3820 1560 3875 Hierosolymis.

971 3949 1052 4011 impes
1063 3949 1167 4000 ter-felir
1177 3953 1392 4016 olleo-protinam
1404 3954 1547 4018 sauguinem
1557 3955 1738 4018 qua-aoeepisti

972 4035 1071 4086 coeleste
1082 4049 1158 4101 genus
1169 4039 1194 4088 te
1211 4036 1402 4102 ignem-spirans
1415 4038 1629 4104 circumvertetur,

971 4135 1001 4171 ao
1014 4123 1087 4172 terrae
1105 4121 1191 4173 incolae
1204 4122 1327 4186 principes
1339 4119 1623 4186 hymnis-concelebrant.
