3946 5952
209 445 228 486 x
902 409 1116 472 PuAErxuo.

212 566 254 630 lt
268 584 352 630 ecce
368 560 404 628 in
419 556 542 626 medio
554 555 628 624 lere
642 553 759 650 capite
774 553 927 648 septimo
940 573 1053 646 quum
1069 547 1203 618 Brodaei
1217 561 1339 617 notam
1355 545 1537 642 quandam
1553 543 1787 642 inspicerem,

210 711 296 757 casu
311 682 439 756 oculus
454 685 492 753 in
506 681 706 750 variantem
721 674 887 748 versiculi
904 673 1052 768 alicujus
1072 671 1285 768 scripturam
1301 671 1464 767 proxime
1482 667 1619 740 allitam
1635 669 1785 758 incidit,

211 828 361 900 eamque
376 801 495 896 magui
508 824 591 870 saue
607 798 793 886 momenti,
812 798 884 865 alio
895 801 1024 865 nemine
1037 794 1236 887 hujusmodi
1245 793 1382 890 aliquid
1393 793 1573 888 referente.
1593 797 1642 862 Ne
1657 794 1783 884 multa,

211 926 377 1024 apparuit
393 925 563 1019 juvenem
587 925 817 1004 sistimur,
836 919 898 1014 qui
918 920 1054 1016 primus
1073 918 1237 988 codicem
1256 918 1425 1005 excussit,
1448 918 1522 1013 jam
1545 931 1623 986 tum
1645 931 1780 987 veteres

212 1067 247 1122 et
260 1051 475 1134 recentiores
489 1048 563 1116 sive
577 1042 812 1139 interpolatos
827 1042 956 1112 ductus
971 1041 1200 1113 librariorum
1211 1041 1401 1136 aliquoties
1410 1042 1546 1137 optime
1559 1039 1776 1127 distinxisse,

213 1174 275 1245 ubi
291 1173 384 1244 nibil
398 1171 536 1243 viderat
552 1169 842 1264 κομπομικρολόγος
865 1164 924 1236 ille
949 1167 1190 1253 Paulssenius,
1207 1189 1281 1236 nou
1296 1178 1438 1263 poterat
1456 1178 1576 1234 autem
1590 1163 1712 1235 videre
1731 1169 1789 1235 Ja-

214 1296 359 1368 cobsius
374 1297 410 1365 in
425 1293 635 1392 apographo
651 1291 807 1362 formam
821 1288 1005 1361 literarum
1021 1290 1207 1380 reddente,
1219 1313 1294 1360 non
1308 1288 1499 1359 atramenti
1513 1301 1548 1356 et
1564 1311 1652 1357 rasae
1666 1286 1793 1356 lotaev‘e

217 1417 432 1488 membrauae
448 1416 616 1512 speciem.
630 1417 717 1501 Quae
729 1413 956 1499 Salmasiaua,
975 1413 1043 1483 uisi
1058 1438 1158 1484 error
1170 1413 1302 1483 alicubi
1319 1412 1476 1509 patebat,
1487 1436 1570 1481 cum
1585 1409 1788 1507 pulvisculo

142 1635 158 1652 „
215 1541 350 1634 sublegi
371 1541 408 1610 iu
428 1539 536 1609 altera
556 1553 656 1635 parte
674 1538 800 1635 capitis
820 1537 961 1634 septimi
982 1551 1089 1635 atque
1108 1539 1144 1608 iu
1168 1536 1361 1608 addendis.
1387 1534 1486 1605 Unde
1501 1533 1679 1631 liquidum
1700 1559 1789 1604 con-

217 1665 421 1760 fessumque
444 1663 506 1732 siet
525 1662 694 1732 omnibus
720 1687 811 1758 opus
830 1685 906 1731 esse
933 1676 973 1731 ut
993 1661 1085 1732 liber
1097 1663 1135 1733 iu
1153 1662 1256 1733 terris
1279 1661 1405 1731 unicus
1426 1659 1473 1729 ab
1491 1659 1639 1730 homine
1661 1659 1794 1728 harum

217 1812 337 1858 rerum
362 1786 573 1881 gnarissimo
601 1786 822 1854 examinetur
848 1806 987 1872 nauu0,
1010 1811 1083 1880 quo
1111 1787 1287 1881 scriptura
1311 1810 1351 1854 ex
1373 1785 1453 1881 ipso
1479 1783 1566 1853 olim
1595 1781 1794 1878 archetypo

218 1912 371 1998 ducta,a
386 1907 651 1980 correctoribus
668 1905 832 1976 noudum
845 1920 1047 1996 attrectata,
1062 1923 1200 1978 certum
1214 1910 1252 1978 iu
1268 1906 1418 1978 modum
1435 1907 1569 2003 ubique
1581 1920 1742 2003 patescat
1759 1922 1795 1976 et

218 2034 264 2104 ab
283 2031 508 2129 interpolatis
531 2031 767 2100 discernatur.
786 2034 839 2098 De
862 2029 918 2098 his
941 2045 1061 2100 autem
1088 2031 1372 2121 correctoribus,
1391 2030 1436 2100 de
1466 2031 1734 2100 correctionum
1759 2045 1795 2099 et

220 2156 327 2228 variae
351 2155 535 2250 scripturae
555 2150 734 2241 fontibus,
755 2150 887 2221 deinde
906 2150 951 2222 de
966 2152 1236 2225 dialecticarum
1257 2154 1455 2224 formarum
1476 2154 1565 2223 mira
1590 2177 1737 2249 prorsus
1758 2154 1795 2222 iu

220 2281 277 2350 his
296 2278 483 2376 poematiis
508 2277 666 2362 ποικιλίᾳ,
690 2274 787 2344 unde
815 2299 856 2344 ea
882 2277 1090 2372 provenerit
1109 2291 1144 2347 et
1172 2278 1235 2372 qui
1262 2301 1328 2374 pro
1355 2289 1457 2347 aetate
1481 2275 1654 2373 cujusque
1681 2291 1797 2373 poetae

220 2418 282 2474 aut
303 2426 404 2473 more
429 2400 557 2470 modus
576 2399 651 2493 ejus
669 2398 721 2469 rei
741 2399 787 2467 sit
810 2397 1035 2487 statuendus,
1058 2401 1292 2495 quaestionem
1316 2402 1463 2498 spissam
1487 2415 1523 2472 et
1545 2400 1713 2489 arduam,
1734 2401 1795 2472 sed

220 2527 472 2613 necessariam,
489 2521 685 2593 nemodum
704 2521 817 2617 (quod
840 2522 965 2616 sciam)
984 2531 1173 2593 tractavit:
1192 2549 1270 2620 quae
1285 2526 1323 2594 iu
1343 2523 1412 2594 hac
1431 2531 1609 2594 variorum
1627 2525 1792 2611 editione,

221 2651 360 2721 etiamsi
378 2648 496 2744 aliqua
517 2661 640 2744 parata
656 2646 889 2736 haberemus,
907 2648 1051 2718 tracturi
1067 2673 1140 2717 uon
1155 2661 1308 2744 poterat.

270 2774 392 2844 Latina
411 2773 570 2869 capitum
586 2775 619 2861 l,
638 2775 699 2859 lll,
724 2774 768 2841 lV
788 2786 824 2840 et
842 2775 918 2841 Vlll
937 2786 1021 2841 sunt
1046 2777 1293 2859 Boissoxxun,
1317 2771 1379 2868 qui
1400 2772 1438 2841 iu
1461 2773 1577 2870 capite
1595 2774 1625 2841 V
1640 2788 1675 2843 et
1695 2789 1797 2871 parte

220 2899 307 2968 sexti
322 2923 363 2967 ea
382 2921 526 2993 quoque
540 2895 797 2992 epigrammata
813 2893 921 2964 latine
940 2894 1101 2965 reddidit
1116 2920 1194 2990 quae
1208 2895 1306 2992 apud
1327 2899 1514 2989 Hugonem
1535 2897 1703 2968 Grotium
1722 2923 1796 2968 uon

221 3018 413 3089 habentur.
437 3023 476 3088 ln
496 3032 593 3088 sexto
609 3017 727 3113 capite
747 3041 824 3087 rem
844 3018 976 3108 omisit,
999 3019 1162 3112 Gregorii
1183 3020 1390 3090 Nazianzeui
1411 3020 1571 3090 versibus
1587 3021 1681 3118 (cap.
1703 3025 1796 3092 Vlll·

222 3158 304 3213 aute
329 3159 463 3233 cetera,
489 3157 528 3213 ut
555 3142 710 3232 videtur,
736 3141 927 3212 translatis.
946 3147 1074 3212 Bormx
1102 3157 1185 3211 suut
1209 3142 1318 3212 latina
1339 3143 1498 3239 capitum
1517 3146 1548 3213 ll
1568 3157 1602 3212 et
1617 3148 1660 3230 V,
1678 3144 1739 3215 sed
1757 3145 1796 3214 in

222 3280 320 3338 sexto
340 3267 457 3363 capite
475 3265 553 3356 ille,
575 3267 661 3336 item
681 3281 721 3336 ut
740 3265 1009 3354 Boissonadius,
1032 3264 1138 3336 telam
1156 3265 1275 3336 subito
1295 3265 1506 3362 abruperat,
1528 3267 1574 3337 ad
1594 3268 1663 3337 alia
1682 3269 1797 3367 capita

222 3389 442 3478 transiliens,
471 3415 629 3479 nouum,
655 3388 905 3476 undecimum,
935 3387 1206 3483 quindecimum
1234 3400 1269 3456 et
1295 3385 1510 3482 planudeam
1539 3389 1797 3486 appendicem,

221 3535 300 3609 quae
326 3534 452 3604 magna
481 3535 522 3578 ex
551 3524 664 3606 parte,
687 3511 866 3603 integrum
887 3509 1038 3600 nullum,
1064 3511 1101 3581 in
1126 3509 1276 3580 latinum
1304 3534 1507 3580 sermonem
1526 3515 1716 3584 convertit.
1737 3519 1796 3584 ln·

223 3649 363 3730 gentem
378 3632 515 3720 hiatum
534 3631 719 3730 quomodo
737 3631 916 3728 explerem
926 3648 961 3702 et
975 3633 1012 3703 iu
1028 3641 1102 3704 otio
1120 3634 1203 3704 satis
1220 3647 1370 3727 augusto
1386 3633 1602 3736 longissimis
1617 3637 1795 3733 capitum,

223 3760 376 3857 septimo
393 3773 427 3829 et
448 3783 563 3848 n0n0,
584 3757 826 3855 prospicerem
842 3781 916 3825 uon
936 3757 1062 3828 leviter
1076 3759 1186 3826 animi
1203 3757 1392 3843 sollicitus,
1408 3759 1663 3830 amicissiumm
1681 3763 1796 3830 virum

222 3889 251 3952 l.
273 3888 447 3952 Lxrxuxm
465 3881 661 3980 appellavi,
683 3883 784 3978 cujus
802 3880 952 3954 multam
979 3881 1181 3954 doctrinam
1211 3897 1246 3953 et
1272 3882 1488 3953 indefessum
1513 3885 1547 3953 in
1573 3883 1797 3978 philologieis

224 4032 331 4076 omne
353 4031 464 4101 genus
484 4006 610 4076 studiis
629 4005 795 4077 ardorem
810 4022 885 4077 tam
907 4030 946 4076 ex
967 4007 1107 4102 scriptis
1126 4031 1235 4104 quam
1256 4007 1420 4078 familiari
1438 4033 1502 4077 usu
1522 4009 1706 4101 cognitum
1732 4007 1795 4076 lra-

223 4131 363 4200 bebam.
392 4135 462 4200 Nec
478 4130 600 4201 fefellit
627 4155 708 4228 spes
737 4132 773 4200 in
803 4132 919 4201 amico
945 4130 1060 4228 posita
1090 4157 1096 4198 :
1129 4131 1204 4200 sinc
1235 4156 1334 4202 mora
1357 4130 1544 4229 respondit
1567 4156 1603 4200 se
1622 4146 1794 4229 prompto

224 4257 344 4326 animo
368 4280 443 4325 rem
464 4269 725 4352 suscepturum.
752 4259 837 4323 Tam
858 4253 964 4350 louge
983 4271 1103 4326 autem
1120 4253 1243 4326 aberat
1272 4271 1310 4326 ut
1335 4257 1458 4326 oneris
1486 4255 1622 4352 aliquid
1651 4254 1798 4325 sentiret

224 4378 291 4448 sibi
308 4403 382 4448 esse
400 4379 626 4474 impositum,
643 4391 682 4446 ut
702 4377 829 4447 exinde
844 4392 960 4447 toturn
976 4376 1127 4450 sedaret
1141 4379 1363 4474 Anthologiae
1379 4403 1509 4474 graecae.
1527 4383 1605 4448 Nou
1627 4403 1668 4448 ea
1683 4377 1797 4448 solum

225 4525 304 4598 qnae
319 4500 569 4570 Boissonadius
583 4512 619 4568 et
632 4499 779 4569 Bothius
797 4501 931 4570 intacta
950 4501 1187 4597 reliquerant,
1205 4503 1267 4575 sed
1291 4503 1427 4596 integra
1447 4502 1567 4599 capita
1591 4501 1800 4597 quindecim

227 4624 390 4698 Palatinae
408 4639 443 4694 et
459 4623 676 4722 planudeam
696 4622 932 4720 appendicem
952 4654 968 4688 a
987 4625 1163 4697 latinitate
1178 4629 1337 4698 donavit.
1353 4657 1370 4692 x
1391 4632 1559 4697 Praeterea
1577 4626 1622 4695 de
1635 4625 1798 4723 plurimis

227 4765 279 4821 est
292 4763 554 4820 commentatus
570 4761 604 4817 et
624 4745 979 4818 animadversionum
997 4774 1142 4820 suarum
1162 4750 1325 4822 condidit
1344 4727 1532 4820 fasciculos
1555 4778 1562 4819 :
1591 4749 1704 4841 unde,
1720 4775 1799 4846 (pue

227 4875 395 4970 ingerunt
414 4873 626 4970 interpretes
640 4873 792 4971 priores,
809 4887 974 4970 excerpta
989 4890 1168 4972 proponet
1187 4876 1223 4944 in
1239 4874 1351 4945 altero
1368 4874 1564 4944 volumine.

276 4997 317 5063 ln
336 4995 569 5065 annotatione
587 4996 723 5091 integra
750 4996 862 5067 habes
886 4999 1161 5070 Boissonadiaua
1185 5013 1220 5069 et
1246 4997 1458 5070 Jacobsiana
1482 4997 1636 5095 exempli
1660 4997 1706 5066 ad
1733 5022 1802 5065 uos

230 5118 345 5205 missi,
365 5117 491 5189 selecta
508 5133 626 5189 antem
644 5143 685 5189 ex
703 5119 901 5193 Botlria'nis.
921 5127 1083 5193 Ceterum
1105 5121 1268 5192 brevitati
1291 5121 1395 5192 simul
1416 5139 1448 5192 et
1473 5121 1674 5192 commodis
1701 5119 1781 5198 utili
