3940 5952
536 371 659 434 CAPUT
679 375 714 434 V.
738 376 1018 444 EPIGRAMMATA
1039 387 1246 450 ΑΜΑΤΟΗΙΑ.

134 501 216 562 ὕδασι
235 501 341 581 θηρείην
356 502 443 560 εἰκόνα
461 501 524 582 φασί
539 506 653 583 βλέπειν.

90 589 232 652 Λυσσόιων
247 589 320 670 τάχα
334 590 427 672 πιιιφθν
438 587 526 668 Ἔρως
541 593 662 665 ε’νέπηξεν
676 594 766 652 ὀδόντα

130 681 171 744 εἷς
181 675 244 752 ipat,
256 677 301 735 καί
314 676 420 753 μανίαις
430 677 511 754 θυμόν
523 675 657 749 έληίσατο·

61 793 74 828 ς
88 765 141 839 σὴν
157 765 210 846 γδρ
220 764 279 841 ἐμοὶ
291 763 337 823 aei
352 763 445 831 πόντος
456 764 585 844 ἐπήρατον
598 767 682 826 εἰκόνα
695 767 794 846 φαίνει,

131 855 181 911 καὶ
196 854 324 928 ποταμῶν
340 852 426 928 δῖναι,
440 851 484 909 καὶ
497 852 576 919 δέπας
591 854 717 932 οἰνοχόον.

196 1001 265 1052 ²6⁷.
289 991 459 1052 ΑΓΑΘΙΟΥ
480 992 761 1054 ΣΧΟΛΑΣΤΙΚΟΥ.

90 1159 120 1195 α.
145 1133 183 1194 Τί
205 1133 350 1211 στενόχειςς
374 1137 400 1212 β.
415 1134 517 1192 Φιλέω.
534 1155 561 1194 οι.
578 1133 664 1205 Τίνας
681 1138 708 1213 β
725 1135 872 1215 Παρθένον.

560 1219 608 1300 [α.
621 1211 659 1282 Ἦ
674 1223 707 1301 βοί
723 1244 753 1300 γε
769 1222 872 1298 καλήν;

134 1313 164 1388 β.
182 1305 274 1378 Καλὴν
288 1305 424 1386 ἡμετέροις
435 1305 538 1383 ὄμμασι
549 1307 716 1389 φαινομένην.

91 1421 120 1454 α.
148 1399 207 1456 Ποῦ
219 1396 246 1453 δέ
252 1418 295 1470 μιν
306 1394 471 1466 εἷσενόησας,
485 1399 511 1472 β.
525 1393 601 1456 Ἐκεῖ
612 1395 674 1454 ποτὶ
683 1397 783 1456 δεῖπνον
794 1399 874 1456 ἰπελ-

131 1483 198 1562 ξυνῇ
212 1481 367 1558 κεκλιμένην
379 1482 486 1560 ἔδρακον
501 1482 527 1538 έν
541 1479 656 1542 στιόαίδι.
800 1482 873 1562 [θὼν

63 1589 75 1622 s
92 1594 120 1630 α.
146 1568 312 1637 Ἐλπίζειςδί
322 1569 422 1648 τνχεῖνς
434 1572 460 1647 β.
471 1566 539 1642 Ναί,
547 1568 690 1649 ναλ,φίλος·
702 1569 835 1652 ἀμφαδίην
846 1571 873 1629 δέ

132 1660 165 1715 οὗ
179 1660 248 1728 ζητεῖν
262 1655 368 1735 φιλίην,
383 1658 441 1714 ἀλλ’
455 1657 692 1732 θποιιλεπταμένην.
756 1655 871 1740 [iprum

93 1769 122 1804 α.
145 1742 200 1804 Τόν
223 1743 335 1818 νόμιμον
359 1743 458 1816 μᾶλλον
484 1740 584 1822 φιίιγεις
605 1743 698 1820 γάμον.
713 1749 739 1822 β.
757 1743 874 1825 ’λτρειιὲς

132 1831 228 1906 &rupa
243 1834 296 1888 τῶν
311 1829 426 1888 ιιτεείνων
440 1827 522 1886 πουλὺ
537 1830 567 1887 τὸ
582 1830 746 1908 λειπόμενον.

93 1942 124 1978 α.
148 1913 269 1994 Ἐγνωςς
283 1917 313 1974 οὗ
330 1914 442 1995 φιλέεις,
456 1914 581 1996 ἐψεύσαο·
595 1919 650 1983 πῶς
663 1917 772 1977 διίναται
784 1919 834 2000 γδρ

70 2027 76 2048 ι
133 2005 210 2082 ψυχὴ
224 2001 381 2082 θρωμανέειν
392 2001 456 2079 opti
471 2000 643 2079 λαγιζομένη;

219 2152 288 2204 268.
310 2141 463 2203 ΠΑΥΛΟΥ
485 2142 761 2206 ΣΙΔΕΝΤΙΑΡΙΟΥ.

91 2283 208 2354 Μηκέτι
221 2306 261 2348 τις
275 2281 377 2352 πτηξειε
390 2280 466 2340 πόθον
484 2281 573 2358 βέλος·
588 2281 692 2354 ἰοδόκην
705 2283 755 2362 γὰρ

134 2371 175 2436 τίς
189 2367 236 2444 spi
250 2368 343 2447 λόόρος
356 2367 440 2447 Ἔρως
458 2366 609 2436 έξειιίνωσεν
624 2366 696 2440 ὅλην.

90 2461 142 2528 Μὴ
161 2455 296 2534 πτερύγων
307 2458 413 2534 τρομέει
424 2453 464 2523 τις
478 2455 618 2526 θπήλυσιν·
634 2455 704 2524 ἐξότε
715 2457 766 2538 γάρ
780 2480 824 2535 μοι

132 2545 184 2612 ibt
204 2543 298 2610 έπιόθς
313 2543 428 2623 στέρνοις
442 2543 536 2622 πικρόν
554 2542 634 2615 ἔπηξε
649 2544 735 2618 πόδα,

14 2679 17 2686 r
92 2630 244 2711 ἀστεμφνλς,
257 2631 383 2700 θδόνητος
396 2629 524 2703 ἐνέξεται,
535 2631 593 2690 οὐδὲ
605 2631 735 2709 μετέστη,

138 2721 174 2784 εἰς
189 2717 235 2794 ἐμέ
249 2716 372 2794 συζυγίην
390 2719 541 2796 κειράμενος
553 2717 695 2798 πτερύγων.

202 2867 273 2918 269.
297 2857 467 2917 ΑΓΑΘΙΟΥ
488 2859 766 2918 ΣΧΟΛΑΣΤΙΚΟΥ.

92 3005 201 3060 Δισσῶν
214 3002 362 3080 θηλυτέρων
376 3001 469 3078 μοῦνός
483 3024 546 3061 ποτε
561 3003 658 3078 μέσσας
671 3002 796 3082 ἰκείμην,

132 3092 182 3158 τῆς
198 3087 245 3164 μὲν
258 3089 413 3168 ἐφιμείρων,
428 3095 461 3172 τῇ
475 3090 502 3148 δέ
515 3091 693 3170 χαριζόμενος·

93 3167 166 3234 εἷλκε
186 3175 214 3233 δέ
230 3176 258 3250 μ’
270 3181 288 3246 ἡ
302 3175 438 3255 φιλέουσα·
454 3178 568 3236 πόλινδ’
585 3176 653 3254 ipio,
664 3167 736 3236 οἷοίτε
754 3201 793 3245 τις
806 3177 875 3258 φὼρ,

133 3264 222 3342 χείλεῑ
240 3262 382 3344 φειδομένῳ
391 3266 438 3336 τὴν
454 3267 544 3342 ἑτέρην
556 3265 671 3344 ἐφίλουν,

93 3353 174 3422 ζῆλον
185 3350 357 3410 ὑποκλέπτων
367 3356 413 3422 τῆς
424 3352 552 3427 γείτονος,
565 3345 596 3424 ἧς
607 3354 650 3411 τόν
665 3352 771 3431 ε’λιγχον

135 3437 183 3495 ard
197 3439 411 3505 ebdomadibus
425 3437 533 3519 ἔτρεμον
550 3440 679 3518 αἰγγελίας.

95 3523 237 3602 Ὀχθήσας
249 3525 273 3581 δ’
287 3523 327 3602 ἄρ’
340 3523 441 3583 ἔειπον·
453 3552 464 3575 ι
479 3525 557 3600 Ἐμοὶ
570 3525 639 3604 τιίχα
650 3525 694 3582 καί
705 3526 735 3585 τό
749 3529 876 3604 φιλεῖσθαι

138 3637 152 3664 ι
167 3615 203 3678 ὥς
216 3610 246 3669 τὸ
259 3611 344 3692 φιλεῖν
359 3612 475 3690 χαλεπόν
485 3657 492 3682 ,
504 3611 580 3670 δισσὰ
595 3612 771 3691 κολαζομένῳ.
782 3638 795 3664 ν

131 3812 179 3859 His
189 3811 214 3858 in
228 3811 296 3876 aquis
309 3825 360 3860 sese
375 3819 491 3860 monstrat
504 3811 580 3875 imago
589 3811 662 3861 ranis.

95 3893 190 3953 Credo,
201 3892 316 3942 tumbeio
328 3908 369 3942 me
383 3893 473 3942 crudeli
486 3893 558 3943 dente
569 3908 685 3943 venenum

130 3974 245 4040 arrpuit,
259 3984 332 4040 atque
342 3975 423 4024 animo
435 3990 473 4024 me
484 3975 595 4041 spoliarit
609 3978 692 4024 Amor.

96 4055 197 4122 Quippe
210 4065 262 4106 tuos
271 4056 470 4118 ruitua‚reierunt
485 4055 542 4108 mihi
553 4065 638 4121 pontiu
652 4064 677 4105 et
688 4069 779 4119 ιιιαιιεε,

132 4141 163 4186 Et
178 4153 229 4201 que
240 4137 291 4186 vite
300 4146 353 4186 sato
362 4137 448 4212 poeula
459 4151 513 4185 rore
526 4136 630 4185 madent.

330 4273 388 4330 267.
404 4285 518 4319 aaararre
531 4285 656 4320 οιιετοαιε.

98 4403 167 4466 Quid
180 4405 280 4468 gemitus
292 4404 326 4453 ita
338 4403 422 4453 ducis?
434 4419 497 4456 orno.
508 4407 567 4468 Quae
580 4421 649 4455 cauea
659 4408 670 4454 i
682 4403 771 4470 puella.

132 4485 287 4536 Pulchram?
295 4496 362 4536 certe
370 4486 444 4536 oculis
457 4487 559 4553 pulchra
572 4504 600 4537 ea
610 4487 660 4536 visa
670 4486 737 4536 meis.

94 4569 146 4621 ΠΕ
158 4565 205 4617 ubi
219 4567 324 4620 norun?
335 4567 432 4632 genialis
446 4578 553 4635 tempore
562 4585 642 4631 coena,

130 4651 279 4700 &inmunes
294 4658 416 4715 premeret
430 4666 484 4700 cum
492 4650 552 4700 mibi
565 4651 648 4716 juncta
662 4660 734 4700 toros.

94 4736 193 4798 Sperne
202 4731 266 4784 irai?
276 4748 330 4800 apes
337 4741 374 4783 eat
386 4749 394 4784 a
406 4735 447 4783 aed
460 4750 491 4784 ne
505 4735 568 4784 bone
580 4734 670 4792 iatier'a,
683 4730 750 4784 cordi

130 4819 179 4864 Est
191 4814 251 4864 mibi
268 4815 370 4864 iurtirus
384 4832 432 4866 non
447 4817 584 4867 manifestus
596 4834 671 4869 amor.

96 4898 262 4962 Legitimam
272 4897 331 4962 iugis
341 4898 429 4948 redum
444 4900 507 4950 bona
518 4900 610 4950 scilicet
619 4901 669 4966 ejus

130 4979 202 5030 Scipi
217 4979 307 5030 divitiis
321 4996 371 5029 asse
385 4981 480 5032 minora
493 4983 559 5034 meis.

95 5061 193 5111 seiani?
204 5075 285 5111 nones
296 5077 395 5124 aniens3
410 5063 512 5112 mendax
522 5064 670 5130 deprendere
680 5076 687 5110 ι
699 5075 754 5112 nam
763 5075 812 5110 non

132 5139 184 5188 Ille
195 5155 264 5188 amor
273 5147 317 5198 eat,
329 5140 417 5206 ntiqui
430 5143 522 5192 ratione
534 5151 620 5210 potest.

948 521 1054 574 ira-undis
1066 526 1167 578 ferinam
1183 528 1311 594 imaginem
1322 531 1390 581 aiunt
1401 532 1491 584 ridere.

917 611 1010 661 Furens
1024 613 1126 664 tortasse
1135 619 1209 665 Amor
1218 617 1332 668 acerbum
1345 618 1423 669 inilrit
1435 620 1530 673 dentem

949 697 1021 762 mibi,
1032 704 1057 751 et
1069 701 1168 752 insaniis
1184 703 1291 754 animum
1305 717 1393 756 meum
1407 708 1587 776 praedamegit:

917 787 986 836 tuam
998 788 1061 838 enim
1075 791 1100 841 et
1109 792 1198 854 pontus
1208 791 1343 854 jucundam
1354 794 1482 859 imaginem
1495 801 1614 866 ostendit,

949 878 974 925 et
983 875 1112 928 ttuminum
1127 879 1280 942 vortices‚et
1294 883 1410 944 poculum
1422 884 1600 947 pocillatorum.
1638 875 1640 878 ¹

1045 1087 1054 1108 ι
1085 1023 1138 1068 267.
1153 1021 1300 1070 AGATfflAE
1316 1023 1524 1078 scriotasrlcr.

922 1169 948 1206 a.
966 1157 1030 1215 Quid
1040 1159 1131 1222 gomis?
1142 1161 1164 1210 b.
1177 1163 1247 1210 Amo.
1257 1176 1282 1213 α.
1297 1164 1394 1220 Quem?
1410 1165 1433 1216 b.
1444 1130 1576 1232 ilirginem.
1588 1187 1613 1240 a..
1626 1179 1693 1227 Anno

1539 1255 1693 1321 [pulchrami’

949 1332 972 1383 b.
989 1331 1119 1384 Pulchram
1128 1335 1217 1386 nosbis
1227 1335 1305 1386 oeulis
1315 1336 1402 1389 risam.

919 1434 943 1471 ο.
962 1420 1007 1470 Ubi
1019 1434 1077 1472 raro
1094 1435 1149 1472 eam
1160 1422 1367 1475 animadvertisti?
1381 1425 1405 1475 b.
1417 1426 1484 1490 illic,
1496 1428 1528 1480 ad
1548 1445 1641 1486 cenam
1655 1437 1693 1487 in.

939 1509 1072 1574 -rommuni
1082 1510 1222 1561 reclinatam
1233 1509 1284 1560 ridi
1294 1510 1320 1560 in
1330 1512 1510 1575 strato-iunceo.
1532 1541 1540 1558 ·
1564 1517 1692 1586 [gressus‚

919 1612 946 1649 α.
962 1599 1080 1661 sperasne
1088 1602 1249 1649 successum?
1258 1598 1281 1650 b.
1293 1599 1349 1661 Ne,
1363 1600 1420 1662 tias,
1429 1603 1506 1654 amice
1518 1623 1524 1652 :
1536 1606 1694 1660 manifestum

948 1681 1111 1746 haudquam
1126 1696 1246 1746 amorem,
1255 1685 1299 1735 aed
1309 1685 1436 1737 turtirum.
1599 1692 1699 1756 [temen

919 1784 944 1821 a.
962 1767 1109 1834 Legitimum
1121 1769 1205 1832 potius
1217 1769 1281 1834 iugis
1290 1771 1479 1823 matrimonium.
1493 1774 1515 1826 b.
1525 1777 1599 1830 Plane
1608 1783 1678 1844 nori,

948 1857 1063 1921 quoniam
1076 1857 1271 1921 possessionibus
1282 1859 1339 1921 citu
1347 1860 1451 1912 multum
1462 1862 1538 1915 deest.

919 1960 945 1996 ο.
963 1949 1070 1996 Νονοιεο
1083 1945 1147 1996 boc?
1159 1949 1182 2006 t,
1201 1959 1249 1995 non
1268 1959 1348 2009 amaa,
1366 1948 1483 1999 mentitus
1501 1963 1528 2002 ee
1546 1965 1553 1998 ι
1572 1959 1695 2018 quomodo

949 2034 1029 2084 anima
1039 2035 1106 2084 recta
1121 2033 1267 2084 ratiocinans
1282 2035 1495 2087 amore-insanire?
1519 2039 1600 2103 [enim
1613 2049 1694 2108 potest

1118 2157 1172 2202 268,
1193 2152 1287 2200 PAULI
1301 2153 1492 2204 sumaim.

919 2295 954 2344 Ne
966 2292 1023 2356 quis
1036 2291 1141 2356 amplius
1155 2293 1251 2342 metuat
1260 2290 1374 2342 desiderii
1387 2293 1464 2344 telum
1479 2314 1485 2346 ι
1501 2296 1592 2364 quippe
1605 2301 1692 2364 phare.

951 2382 976 2432 in
987 2395 1027 2432 me
1040 2381 1192 2446 impetuosus
1201 2385 1277 2431 Amor
1287 2381 1417 2434 exinanivit
1428 2386 1513 2436 totam.
1614 2389 1695 2456 [tram

920 2472 955 2521 Ne
964 2470 1057 2520 alarum
1065 2471 1154 2519 tremat
1163 2468 1251 2531 aliquis
1265 2469 1398 2520 adrentum
1413 2492 1419 2520 :
1432 2485 1525 2524 nemer
1539 2489 1588 2540 quo
1603 2478 1664 2529 mihi

951 2557 1059 2608 calcibus
1069 2556 1188 2620 impositis
1199 2555 1294 2622 pectori
1302 2555 1393 2606 durum
1401 2557 1478 2609 intirit
1486 2560 1587 2626 pedem,

920 2645 1048 2706 inmotus,
1066 2643 1220 2708 inquassatus
1234 2641 1335 2705 insidet,
1352 2657 1432 2708 neque
1445 2645 1570 2708 discessit3

950 2733 974 2782 in
987 2745 1026 2782 me
1039 2729 1276 2782 enim-detondit-sibi
1286 2744 1331 2794 par
1343 2731 1444 2783 alarum.

1085 2877 1139 2924 269.
1156 2872 1303 2920 AGaTfflAE
1319 2873 1541 2924 scnomssscrst

922 3014 1031 3061 Duarum
1039 3008 1169 3060 mulierum
1179 3021 1243 3058 unus
1250 3009 1379 3072 aliquando
1386 3009 1411 3059 in
1419 3010 1500 3062 medio
1508 3011 1697 3076 decumbebam,

951 3095 1052 3146 alterius
1059 3094 1158 3158 quidem
1173 3093 1290 3157 cupidus,
1300 3094 1368 3144 atteri
1379 3097 1462 3146 autem
1471 3097 1609 3160 gratificans
1620 3119 1626 3148 ι

920 3187 995 3248 atque
1004 3183 1102 3234 attraxit
1113 3182 1385 3244 montemaureum
1399 3187 1531 3248 contraque
1541 3199 1593 3251 ego,
1602 3201 1648 3238 ceu
1657 3191 1700 3240 tur

951 3271 1142 3336 labioparcente
1153 3270 1254 3320 atteram
1267 3269 1403 3333 osculabar,
1575 3274 1694 3340 Μιχαία,

921 3359 1064 3424 zelotypiam
1075 3358 1161 3408 saliens
1169 3357 1269 3421 ricinia,
1281 3358 1352 3422 cujus
1361 3358 1552 3424 obiurgationem

951 3451 976 3498 et
992 3444 1268 3513 amoremdisaolreates
1280 3446 1384 3498 nuncios
1399 3448 1540 3499 tremebam.

921 3534 1049 3599 Suspirans
1059 3532 1133 3596 igitur
1142 3529 1194 3581 dixi
1204 3552 1210 3581 :
1222 3551 1235 3575 a
1248 3531 1309 3582 Mihi
1322 3532 1385 3583 sorte
1398 3537 1520 3596 atamen,

952 3622 1017 3671 sicut
1029 3633 1123 3680 amare,
1136 3631 1209 3684 grave
1218 3620 1269 3681 est,
1279 3619 1322 3682 qui
1334 3620 1465 3684 dupliciter
1478 3623 1573 3686 puniar.
1590 3645 1601 3668 o

1161 3803 1216 3851 αθθ.
1232 3819 1305 3851 raonr
1319 3807 1480 3856 arnirruarr.

924 3919 1044 3970 Flammea
1053 3935 1083 3968 ne
1099 3917 1223 3984 quisquam
1238 3919 1322 3969 timeat
1327 3920 1377 3986 jam
1390 3923 1437 3971 teia
1448 3937 1455 3972 ε
1466 3923 1602 3988 pharetram

957 4007 986 4053 in
996 4019 1050 4054 mea
1061 4018 1116 4052 narn
1126 4018 1222 4054 vacuam
1234 4003 1334 4054 vulnera
1346 4003 1403 4054 tecit
1415 4009 1500 4056 Amor.

924 4088 974 4137 Nec
987 4101 1064 4151 penna
1076 4093 1166 4134 metuat
1177 4085 1207 4134 de
1217 4093 1321 4150 praepete
1333 4101 1338 4134 :
1352 4101 1406 4134 nam
1417 4086 1480 4136 ierus
1491 4103 1521 4136 err
1534 4104 1582 4154 quo

957 4166 1071 4232 Imposito
1082 4166 1166 4232 pressit
1177 4173 1274 4232 pectora
1283 4173 1363 4216 nostra
1378 4166 1451 4231 pede,

925 4247 1014 4297 Insidei
1028 4247 1138 4296 immotus
1149 4261 1155 4296 ε
1169 4246 1241 4311 quin,
1253 4261 1284 4295 ne
1297 4245 1416 4296 discedere
1433 4257 1517 4312 posset,

960 4333 996 4379 En
1004 4329 1075 4379 etiam
1085 4344 1174 4395 pennas
1183 4328 1282 4378 abscidit
1291 4328 1341 4394 ipse
1353 4327 1407 4378 sibi.

1149 4447 1205 4509 269.
1224 4460 1337 4494 serrare
1354 4461 1480 4495 oarroars.

927 4564 1039 4614 Binarum
1050 4562 1140 4612 medius
1152 4578 1230 4627 nuper
1241 4577 1295 4612 cum
1307 4561 1369 4612 forte
1378 4562 1491 4628 jacerem,

961 4650 1052 4714 Nempe
1064 4647 1144 4696 terens
1158 4647 1218 4695 rotis
1230 4646 1304 4700 iilius.
1323 4644 1385 4695 hano
1396 4656 1421 4695 et
1430 4663 1510 4698 amana
1524 4663 1530 4697 ι

899 4803 902 4810 .
928 4731 973 4780 iiia
986 4746 1073 4796 procax
1085 4730 1141 4779 dum
1156 4745 1193 4778 me
1207 4745 1249 4778 sua
1260 4729 1341 4779 ductat
1354 4729 1385 4779 ad
1394 4731 1491 4793 oscula,
1503 4731 1585 4782 furtim

961 4813 1066 4862 Alterius
1078 4811 1150 4862 labris
1164 4812 1244 4861 omnia
1255 4827 1326 4877 parea
1340 4812 1441 4868 dabam,

929 4895 1054 4960 Zelotypus
1062 4893 1152 4958 fugiens
1163 4894 1247 4944 vicinae
1257 4893 1353 4959 virginio
1365 4894 1422 4955 iras,

962 4976 1052 5026 indicio
1068 4992 1099 5025 ne
1112 4992 1156 5025 noa
1164 4976 1276 5042 proderet
1288 4975 1328 5024 iiia
1340 4991 1393 5026 αιο.

930 5058 1050 5123 Ingemui,
1062 5057 1168 5122 dixique,
1182 5057 1276 5122 Duplex
1290 5055 1349 5106 mihi
1361 5073 1430 5124 puna
1444 5066 1586 5124 paratust,

964 5145 995 5190 Et
1009 5141 1071 5206 quod
1081 5156 1147 5196 amo,
1162 5141 1251 5206 puriter
1260 5155 1311 5188 sum
1323 5139 1403 5198 miser,
1412 5147 1436 5187 ei
1446 5137 1508 5202 quod
1520 5151 1595 5188 amor.
