3940 5952
542 467 665 532 curor
685 473 720 532 v.
743 477 1023 545 renunculum
1044 489 1253 555 rnmronm.
1402 475 1403 478 ‘
1645 513 1701 572 aon

135 588 178 668 μὴ
192 591 427 670 μεταόολλομάνου
441 601 486 668 τῆς
496 597 610 680 αοόαρᾶς
624 601 713 662 ἕνεκα·

93 676 154 737 οὔτε
171 677 222 758 γάρ
237 679 385 762 Εὐρώπης,
399 685 485 757 αὐτῆς
500 691 606 760 Δανάης
616 690 676 770 περὶ
691 693 799 768 κάλλος,

133 764 193 826 οὔθ’
206 767 313 840 ἁπαλῆς
326 771 416 844 Λήδης
430 774 485 831 ἕατ’
501 776 711 854 ἀπολειπομένη·

55 872 68 913 t
93 859 115 914 si
129 855 172 934 μὴ
185 857 232 925 τάς
243 859 342 940 πόρνας
356 863 579 943 παραπέμπεται·
594 857 652 927 οἶδα
668 870 719 952 γὰρ
732 872 809 932 αὐτὸν

133 951 190 1005 τῶν
203 949 396 1027 βασιλευουοῶν
408 955 569 1030 παρθενικῶν
585 955 691 1038 φθορέα.

209 1097 276 1149 θὸθ.
300 1089 458 1152 [litlot
467 1051 760 1172 plrlENTllPlor'.

93 1228 243 1308 Πρόκριτός
254 1232 324 1304 έατι,
342 1233 475 1312 Φίλιννα,
489 1235 535 1308 τεὴ
548 1238 617 1318 ῥυτὶς
631 1237 648 1311 ἢ
663 1241 724 1309 tei<
735 1243 802 1317 ἥόης

132 1319 238 1390 πάσης·
250 1321 343 1400 ἱμείρω
357 1320 381 1381 θ’
395 1322 476 1403 ἀμφίς
490 1324 559 1406 έχειν
574 1329 710 1406 παλάμαις

92 1407 198 1478 μᾶλλον
212 1405 264 1487 ipris
277 1407 321 1468 σέο
334 1411 407 1488 μῆλα
422 1411 620 1493 καρηθαρέοντιι
632 1418 789 1498 κοράμθοις,

131 1492 151 1563 ἦ
168 1495 251 1570 μαζὸν
266 1501 361 1575 νεαρῆς
376 1496 460 1578 όρθιον
473 1501 587 1574 ἡλικίης.

94 1581 146 1640 Eine
162 1580 214 1665 γάρ
230 1582 269 1643 έτι
286 1585 448 1669 φθινόπωρον
464 1589 604 1671 ὑπέρτερον
618 1593 701 1672 εἴαρος
713 1595 810 1670 άλλης,

131 1678 214 1748 χιῖμα
227 1673 273 1732 τὸν
284 1673 423 1754 άλλοτρίου
435 1675 588 1758 θερμότερον
601 1682 695 1761 θέρεος.

350 1818 411 1872 259.
431 1825 489 1871 ΤΟΥ
507 1827 615 1876 ΑΥΤΟΥ.

88 1943 225 2021 'oppres
239 1971 285 2007 σευ
304 1947 454 2032 βαράθουαι,
466 1952 546 2013 πόθου
558 1956 689 2030 πνιίοντα,
704 1961 848 2039 Χαρικλοῖ,

132 2025 228 2114 οἷάπερ
243 2037 274 2095 irc
288 2035 403 2116 λέκτρων
417 2038 477 2120 άρτι
492 2041 674 2121 θιεγρομένης·

88 2119 221 2182 έσκολται
233 2123 262 2182 δὲ
274 2122 360 2203 κόμη,
374 2125 458 2205 βαθέης
470 2128 492 2196 θ’
506 2130 651 2212 ἀμάρυγμα
666 2139 774 2215 παρειῆς

132 2200 223 2290 ὦχρος
234 2211 290 2292 έχει
304 2213 403 2288 λευκός,
418 2216 462 2276 καὶ
475 2215 556 2296 δέμας
570 2221 717 2285 έκλελυται.

88 2299 145 2357 liei
160 2299 210 2374 μέν
225 2301 394 2381 παννυχίῃοιν
406 2305 558 2382 θμελήσασα
571 2307 744 2388 παλαίστραις

131 2391 217 2445 ταῦτα
231 2386 331 2469 φέρεις,
343 2389 421 2451 oiim
435 2393 532 2460 παντὸς
545 2395 722 2475 θπιρπέτεται

87 2471 158 2540 &ei
169 2474 346 2554 περιπλέχδην
359 2479 402 2557 ἔχε
416 2478 538 2559 πήχεσιν·
554 2484 577 2540 ei
595 2483 623 2540 δέ
637 2507 666 2542 σε
680 2486 752 2558 τήκει

130 2561 222 2642 θερμός
234 2560 319 2643 ἔρως,
335 2564 390 2636 εἴης
402 2565 438 2634 εἷς
452 2566 498 2644 ἐμὲ
517 2570 658 2648 τηκομένη.

338 2712 401 2763 260.
422 2708 482 2762 ΤΟΥ
499 2717 606 2766 ΑΥΤΟΥ.

88 2833 258 2914 Καρθφαλοι
270 2837 410 2918 αφίχγουαι
423 2841 484 2914 τεὴν
494 2843 590 2925 τρίχας
601 2846 716 2922 τήκομαι
728 2848 823 2929 οίατρῳ

129 2922 218 2995 Ῥείης
227 2926 393 3008 πυργοφόρου
406 2928 519 2990 δείκελον
535 2936 669 3014 εἰσορόων.
766 2971 768 2976 ·

87 3009 213 3080 ’λοκεπές
224 3016 281 3074 έοτι
291 3016 420 3095 κάρηνον;
436 3016 488 3100 lyd
501 3017 656 3100 ξανθίσμαοι
668 3023 762 3102 χαίτης

126 3098 243 3178 ἔκχυτον
255 3103 286 3160 ἐκ
298 3101 411 3182 στέρνων
424 3105 566 3181 έξεσόόηαα
578 3109 645 3172 νόον.

85 3185 238 3265 Ἀργενναῖς
248 3187 351 3269 θθόνῃαι
361 3192 480 3275 κατήορα
492 3195 625 3278 βόατρυχα
637 3197 750 3272 κεάθεις;

124 3273 203 3332 vidis
217 3277 375 3360 έλαφροτίρη
388 3281 452 3360 φλὸξ
465 3284 572 3364 κατέχει
588 3285 706 3363 κραδίην.

85 3362 202 3444 Μορφὴν
212 3365 366 3445 τριχθαδίην
381 3369 504 3450 Χαρίτων
519 3371 591 3452 τριθς
603 3372 791 3455 ἀμφιπολεύει·

123 3461 203 3511 πᾶσα
217 3453 246 3512 δέ
258 3478 303 3532 μοι
315 3457 403 3538 μορφὴ
418 3464 471 3538 πῦρ
482 3458 546 3520 ἴδιον
564 3461 681 3544 προχέει.

190 3597 260 3650 261.
284 3591 456 3655 ΑΓΑΘΙΟΥ
478 3587 768 3658 ΣΧΟΛΑΣΤΙΚΟΥ.
796 3639 798 3644 ,

85 3727 152 3806 Εἰμὶ
170 3728 220 3806 μέν
234 3733 263 3790 οὗ
274 3732 419 3812 φιλόοινος·
435 3733 496 3796 όταν
508 3739 532 3796 θ’
547 3737 636 3818 έθέλης
650 3762 683 3813 με
696 3738 836 3817 μεθόσοαι,

124 3820 224 3896 πρῶτα
237 3817 268 3877 αθ
279 3821 406 3898 γενομένη
421 3821 567 3906 πρόσφερε,
581 3825 626 3885 καί
640 3825 761 3907 δέχομαι.

83 3908 116 3964 El
130 3903 188 3983 γάρ
201 3907 354 3988 έπιψαύαεις
366 3917 419 3978 τοῖς
431 3911 556 3989 χείλεσιν,
570 3914 655 3974 οὐκέτι
669 3915 759 3994 νήφειν

123 3993 257 4072 εὐμαρές,
273 3997 332 4056 atil
347 4007 435 4076 φυγεῖν
447 3999 491 4058 τθν
504 3999 600 4079 γλυκθν
614 4002 737 4083 οἰνοχόον·

955 637 1033 688 quum
1048 643 1097 679 nou
1110 631 1302 699 nansfiguretse
1311 635 1386 702 hujus
1397 639 1508 704 superbe
1524 657 1615 697 causas

924 723 1003 775 neque
1014 714 1080 767 euim
1091 719 1209 783 Europes,
1222 737 1270 773 uon
1283 727 1387 787 Danae.
1397 728 1462 779 circa
1471 735 1640 794 venustatem,

954 813 1000 851 nec
1012 804 1102 856 tenere
1111 805 1184 858 Lede
1193 807 1234 860 ille
1248 810 1312 862 cedit
1328 826 1334 855 τ

924 887 970 938 nisi
981 889 1043 941 sorte
1056 895 1195 947 meretrices
1206 899 1298 961 spernit
1308 920 1315 949 ι
1324 914 1381 950 uam
1391 904 1449 953 nori
1459 918 1516 956 euru

953 980 1075 1044 regiorum
1090 983 1211 1049 uirginum
1225 994 1398 1053 corruptorem.

1123 1129 1176 1175 258.
1191 1128 1285 1178 PAULI
1301 1130 1498 1183 sliellrlsml.

921 1248 1085 1303 Praestahillor
1092 1256 1129 1306 est
1136 1293 1143 1314 ,
1151 1255 1276 1321 Philinus,
1286 1260 1330 1309 tua
1338 1274 1399 1328 ruge
1409 1276 1484 1326 quam
1492 1279 1581 1318 succus
1589 1270 1700 1334 juventus

951 1339 1045 1404 omnis,
1060 1340 1183 1406 cupioque
1196 1344 1288 1394 circum
1301 1349 1384 1400 tcncm
1396 1351 1510 1404 manibus

920 1443 965 1494 ego
977 1430 1055 1495 magis
1065 1433 1109 1484 tue
1117 1445 1190 1497 porus
1201 1437 1312 1487 nutantia
1322 1439 1448 1503 capitulis,

950 1532 1025 1584 quam
1035 1533 1166 1572 mammam
1175 1521 1293 1584 juvenilis
1302 1529 1407 1577 stantem
1417 1531 1534 1581 curmae.

920 1609 989 1658 Tuus
1000 1607 1065 1658 euim
1079 1608 1161 1659 adhuc
1173 1613 1308 1663 autumnus
1322 1613 1401 1678 potior
1411 1619 1447 1667 eet
1457 1630 1514 1669 cere
1528 1619 1602 1684 elicis3

950 1695 1029 1747 hiems
1042 1699 1087 1748 tua
1098 1697 1176 1748 allent
1187 1699 1288 1750 calidior
1301 1705 1394 1753 aeslute.

1091 1873 1098 1884 .
1201 1847 1255 1893 25⁹.
1279 1854 1430 1899 EJUSDBH.

919 1979 990 2029 oculi
999 1980 1035 2030 tui
1044 1985 1185 2048 graventur,
1196 1984 1336 2048 cupidinem
1348 1987 1479 2053 spirantes,
1493 1991 1617 2056 chartule,

948 2066 1020 2131 quasi
1029 2081 1043 2118 e
1053 2066 1116 2119 lecto
1127 2068 1200 2120 modo
1210 2072 1379 2134 exsuscitem

918 2153 1072 2218 lacerataque
1084 2157 1122 2206 est
1133 2170 1217 2220 come,
1228 2173 1356 2224 roseasque
1368 2161 1453 2214 lumen
1466 2179 1534 2228 geum

948 2241 1026 2306 pallor
1033 2241 1108 2293 hebet
1118 2243 1230 2308 albidus,
1240 2248 1265 2297 et
1279 2259 1369 2312 corpus
1383 2249 1607 2313 plane-dissolutum
1622 2259 1667 2310 ess

917 2332 973 2382 tam
986 2331 1007 2382 si
1020 2333 1178 2397 pervigilibus
1191 2348 1237 2384 usa
1251 2336 1371 2398 palaestris

948 2417 1003 2469 haec
1015 2419 1108 2480 refers,
1125 2420 1266 2472 felicitatem
1279 2437 1378 2474 omnem
1391 2430 1531 2491 supervolat

916 2507 960 2571 qui
971 2509 997 2557 te
1006 2507 1171 2571 circumplexu
1185 2509 1284 2561 tenebat
1295 2511 1374 2574 uluis;
1386 2513 1407 2564 si
1418 2529 1478 2566 vero
1492 2519 1607 2574 tuheiacit
1618 2524 1642 2572 te

947 2594 1040 2646 calidus
1052 2609 1129 2658 emor,
1140 2596 1175 2646 sis
1188 2597 1213 2647 iu
1222 2611 1262 2648 me
1273 2598 1401 2651 tabefacta.

1195 2742 1249 2786 2θο·
1273 2748 1425 2794 EIUSDEM.

916 2871 1026 2921 Reticula
1037 2871 1146 2922 vinciunt
1155 2876 1229 2923 tuum
1245 2875 1355 2926 crinem?
1364 2889 1438 2940 pereo
1450 2893 1547 2942 antone,

947 2959 1021 3010 ilicem
1034 2961 1162 3025 turrigerae
1173 2961 1303 3024 imaginem
1317 2963 1490 3027 dum-aspicio.

918 3048 1059 3110 Inopertum
1069 3050 1108 3098 est
1119 3051 1211 3111 caput?
1225 3049 1439 3118 egeriam-colore
1454 3055 1562 3106 coesariei

946 3134 1054 3184 ellusam
1067 3137 1207 3198 expectere
1222 3135 1318 3186 ercumi
1332 3141 1446 3188 mentem.

916 3221 982 3272 Albis
995 3221 1076 3272 linteis
1089 3219 1253 3286 dependentes
1265 3222 1344 3273 crines
1357 3223 1501 3276 abscondis?

944 3307 1020 3361 nihilo
1028 3309 1105 3360 levior
1116 3309 1214 3360 llamme
1222 3324 1265 3360 cor
1274 3315 1384 3377 occupat.

914 3398 1042 3463 'triplicem
1051 3399 1155 3449 formem
1166 3399 1304 3451 Gratiarum
1318 3401 1536 3466 trasemundum

946 3487 1024 3536 omnis
1036 3490 1119 3536 eutem
1130 3486 1190 3536 mihi
1205 3487 1281 3538 tonna
1292 3488 1371 3553 ignem
1382 3489 1506 3555 proprium
1515 3493 1647 3558 profundit.

1081 3626 1135 3672 ael.
1153 3623 1303 3675 AGATHIAE
1318 3626 1532 3679 senonnsrlcl.

915 3749 968 3796 iton
977 3758 1034 3795 sum
1044 3745 1143 3810 quidem
1156 3748 1313 3807 annonarium
1323 3747 1344 3799 si
1353 3753 1436 3800 autem
1445 3764 1485 3802 me
1493 3751 1531 3803 vis
1540 3753 1670 3818 inebriare,

945 3833 1050 3898 primum
1063 3835 1091 3884 tu
1104 3838 1205 3898 gustans
1218 3836 1326 3902 porrige,
1337 3840 1362 3888 et
1375 3838 1476 3902 accipio.

914 3921 940 3972 si
949 3924 980 3972 tu
990 3921 1055 3972 cuim
1065 3921 1152 3986 attigcs
1165 3923 1252 3984 labris,
1264 3939 1313 3975 uon
1321 3926 1372 3989 jem
1384 3929 1604 3979 munere-sobrium

947 4012 982 4061 est
991 4011 1074 4072 saule,
1087 4023 1166 4074 neque
1175 4012 1258 4076 tegere
1267 4025 1367 4063 suarem
1379 4015 1562 4077 pocillatorem:

88 4139 1688 4176 m

116 4250 244 4315 Εμτςὶιαο
257 4267 340 4302 uouse
352 4262 429 4303 mutat
440 4255 472 4305 ob
483 4255 546 4306 hauc
561 4257 663 4308 taciem?

85 4333 143 4394 Qun
156 4342 269 4383 teneram
281 4333 364 4385 timeat
374 4336 437 4386 nihil
449 4337 476 4386 in
488 4339 618 4389 certamine
629 4341 725 4403 Ledam,

114 4417 171 4464 Nec
183 4414 263 4465 minor
275 4419 385 4483 Europa.
400 4434 445 4468 nec
458 4419 537 4470 minor
551 4431 587 4471 est
604 4427 696 4475 Danae.
766 4441 769 4446 ·

82 4495 169 4543 Sourta
184 4494 229 4543 nisi
244 4496 354 4561 speruit:
369 4513 432 4560 uam,
440 4499 461 4548 si
472 4499 534 4550 bene
545 4503 654 4553 norimus
667 4503 744 4566 iilum,

114 4580 143 4626 ln
156 4593 242 4642 regum
251 4589 319 4630 iratas
328 4580 393 4630 illius
402 4581 483 4632 hinnit
497 4599 574 4636 amor.
801 4571 805 4579 ¹

317 4717 374 4764 258.
392 4733 465 4766 neunt
478 4734 640 4770 ιιοειιτιοαιι.

80 4934 154 4995 Quod
166 4949 207 4983 rer
217 4945 253 4984 est
266 4935 319 4985 aliis
328 4946 403 5004 ,vlnus
417 4947 453 4988 est
464 4948 607 5000 autumnus,
618 4940 702 5007 etipsa

119 5021 210 5067 Estate
222 5018 320 5068 alterius
333 5021 386 5086 plus
401 5024 442 5071 lua
460 5030 535 5072 torret
544 5022 636 5090 hyems.

383 5155 440 5206 αθο.
461 5171 579 5205 νευεοεεε.

82 5282 199 5335 milone
209 5283 340 5337 mintricta
352 5302 419 5338 coma
434 5305 465 5338 en
478 5289 536 5340 tibi!
552 5300 665 5357 torqueor
677 5292 730 5356 igue
743 5307 750 5342 ι

947 4244 1098 4309 cumgente
1110 4245 1181 4294 talem
1195 4244 1301 4310 suspicor
1310 4261 1359 4294 esse
1371 4245 1448 4296 deam.

913 4329 1031 4376 intectum
1042 4335 1112 4391 eaput
1123 4330 1175 4376 est?
1191 4325 1265 4376 ciiusa
1278 4326 1306 4375 eri
1317 4335 1413 4392 pectore
1426 4336 1477 4377 tolo

946 4413 1015 4459 Meus
1024 4409 1092 4461 abit:
1111 4425 1184 4476 usque
1195 4410 1254 4460 adeo
1264 4425 1303 4459 me
1311 4426 1379 4460 coma
1388 4408 1449 4460 tlara
1461 4412 1533 4478 capit.

914 4493 1018 4544 Candida
1030 4509 1154 4560 suspensos
1168 4493 1273 4543 retinent
1289 4492 1406 4543 velamina
1418 4493 1510 4544 circos?

946 4579 1002 4626 Non
1017 4575 1096 4626 minor
1105 4576 1130 4626 in
1144 4586 1225 4626 nostro
1240 4585 1337 4644 pectore
1349 4575 1444 4626 flamma
1453 4579 1524 4627 calet.

914 4658 1009 4724 Quippe
1022 4658 1109 4723 triplex
1118 4658 1235 4724 triplicem
1248 4658 1376 4708 comitatur
1387 4658 1470 4708 Gratia
1487 4659 1596 4716 formam,

947 4743 1066 4808 Nullaque
1076 4759 1125 4793 non
1135 4743 1160 4791 in
1173 4758 1210 4792 me
1218 4743 1271 4808 plus
1282 4741 1338 4792 salis
1351 4741 1410 4806 ignis
1422 4741 1514 4792 habet?

1135 4892 1192 4941 261.
1211 4907 1325 4939 concurre
1345 4907 1475 4941 curonis.

914 5047 970 5096 Non
983 5063 1035 5097 sum
1048 5047 1141 5098 vinosus
1154 5065 1161 5100 :
1174 5048 1194 5097 si
1204 5050 1238 5098 ris
1250 5059 1328 5100 tamen
1338 5050 1419 5099 ebrius
1427 5058 1455 5099 ut
1467 5050 1524 5105 sim,

947 5133 985 5179 De
993 5128 1062 5191 mihi,
1074 5131 1116 5180 sed
1127 5131 1199 5180 labris
1211 5132 1296 5198 pocula
1309 5141 1370 5183 tacta
1383 5131 1438 5182 tuis.

916 5215 967 5262 Hoc
981 5222 1008 5263 tu
1019 5213 1038 5264 si
1050 5212 1128 5269 iacias,
1143 5231 1190 5263 nou
1205 5231 1299 5280 possum
1313 5215 1405 5264 sobrius
1416 5230 1480 5269 esse,

948 5295 999 5345 Nec
1012 5293 1092 5359 ingere
1103 5304 1138 5344 est
1152 5294 1210 5343 adeo
1225 5294 1294 5344 dulce
1304 5294 1471 5344 ministerium.
