3946 5952
828 443 1042 512 PRAEFATlO.
1688 453 1718 515 ix

150 583 267 653 lentiae
280 595 401 652 autem
415 596 451 652 et
466 581 645 670 amicitiae,
660 603 730 677 qua
746 605 811 678 per
826 595 939 651 totam
955 582 1066 653 vitam
1085 584 1334 656 Boissonadius
1348 585 1520 660 Didotum
1536 587 1719 686 amplexus

150 720 247 796 erat,
268 704 339 775 hoc
356 704 456 776 dedit
478 703 571 774 lilius
592 718 632 773 nt
652 703 794 774 chartas
810 703 947 775 erudita
962 706 1095 802 pietate
1114 722 1283 807 tanquam
1301 725 1443 781 renatas
1461 711 1635 783 Didotum
1649 737 1717 810 po-

150 832 220 900 tius
235 853 344 925 quam
359 827 545 898 librarium
560 827 669 898 aliurn
684 852 767 898 cum
780 827 975 899 lectoribus
993 834 1159 923 φιλέλλησι
1177 833 1446 902 communicare
1464 832 1583 905 vellet.

199 951 353 1040 Quibus,
369 950 457 1022 dum
486 952 639 1048 seposita
662 951 912 1048 quiescebant,
928 967 1148 1023 accesserant
1163 978 1242 1050 quae
1260 960 1442 1032 Jaconsms
1465 972 1586 1027 nostra
1609 960 1719 1054 gratia

149 1101 193 1145 ex
220 1074 352 1168 ingenii
374 1088 409 1143 et
426 1073 599 1146 doctrinae
621 1075 735 1170 copiis
757 1072 1046 1172 deprompserat,
1066 1101 1145 1172 quae
1171 1084 1347 1168 Bornrus,
1371 1078 1529 1176 denique
1555 1105 1634 1177 quae
1655 1107 1720 1180 per

150 1199 277 1292 viginti
293 1221 407 1267 annos
424 1197 542 1268 eximii
556 1199 671 1269 critici
688 1197 733 1269 de
750 1197 961 1292 anthologia
976 1201 1208 1298 scripserant,
1230 1227 1386 1298 quorum
1403 1201 1536 1295 libros,
1557 1202 1716 1297 libellos,

149 1323 488 1411 commentationes,
507 1321 775 1393 observationes
791 1321 1041 1392 Boissonadius
1062 1345 1135 1390 non
1150 1319 1286 1392 viderat
1300 1320 1389 1392 dum
1408 1322 1446 1393 in
1461 1322 1590 1394 eodem
1611 1349 1721 1422 opere

152 1444 374 1534 versabatur,
390 1447 525 1542 quippe
542 1446 704 1516 nondum
721 1446 758 1515 in
777 1445 895 1518 lucem
910 1444 1016 1516 edita.
1038 1449 1119 1515 Haec
1133 1445 1254 1515 omnia
1270 1445 1595 1541 quemadmodum,
1615 1450 1643 1518 si
1667 1451 1720 1520 vi·

151 1583 267 1656 reret,
289 1569 438 1639 minime
455 1563 671 1664 neglexisset
685 1566 896 1639 immortalis
915 1569 982 1639 viri
1000 1568 1090 1638 mira
1111 1566 1315 1662 diligentia,
1341 1569 1389 1639 ita
1415 1584 1497 1665 post
1518 1569 1720 1642 dolendum
1783 1659 1790 1674 .

150 1692 264 1761 latum
282 1716 356 1761 non
374 1715 449 1762 esse
469 1691 678 1786 negligenda
691 1691 867 1787 judicavit
885 1690 1053 1778 Didotus,
1067 1691 1130 1761 sed
1149 1693 1465 1764 commemoranda
1486 1717 1720 1792 quaecumque

151 1828 214 1884 aut
229 1815 563 1913 interpretationem
587 1839 710 1886 sanam
733 1812 901 1911 adjuvare
916 1829 978 1885 aut
993 1815 1120 1884 vitiose
1137 1817 1268 1910 scripta
1292 1817 1469 1910 corrigere
1493 1842 1597 1913 posse
1620 1819 1720 1889 vide·

151 1947 288 2003 rentur.
762 1955 764 1958 ’

205 2061 364 2132 Huncin
388 2059 537 2129 modum
553 2083 592 2130 re
613 2061 822 2146 constituta,
843 2060 1000 2131 celebres
1018 2061 1115 2158 apud
1141 2085 1208 2132 nos
1229 2060 1396 2158 reliquias
1416 2066 1624 2135 Cnannonrs
1647 2067 1718 2136 Ro·

153 2213 313 2273 cumn,
331 2211 409 2283 quae
422 2210 518 2256 nunc
538 2188 575 2256 in
596 2185 773 2283 imperiali
790 2184 1009 2258 Bibliotheca
1024 2199 1293 2272 conservantur,
1312 2185 1542 2257 excutiendas
1557 2212 1631 2258 esse
1651 2213 1719 2286 pu-

152 2313 235 2383 tavi.
253 2308 447 2406 Dequibus
456 2334 541 2380 vera
560 2308 718 2384 retulisse
732 2310 884 2405 cognovi
903 2307 1069 2378 Piccolon
1080 2323 1242 2378 nostrum
1257 2308 1531 2406 (Supple'mentd
1548 2313 1718 2384 PAnclrol.

148 2461 308 2532 grecque,
329 2460 366 2531 p.
385 2434 431 2529 89
447 2431 551 2530 seq).
564 2433 750 2520 Quantivis
764 2433 831 2504 illae
842 2435 947 2530 pretii
964 2445 1066 2501 erant
1085 2447 1166 2502 ante
1182 2430 1318 2502 editum
1337 2432 1505 2504 Codicem
1521 2433 1722 2508 Palatinum

150 2562 268 2657 ipsum
291 2586 298 2628 :
324 2582 420 2628 nunc
445 2582 575 2652 magno
595 2556 717 2628 labore
738 2563 837 2628 utilia
858 2578 971 2628 nauca
994 2569 1185 2642 eruuntur3
1209 2580 1288 2651 quae
1316 2557 1388 2626 suis
1407 2555 1495 2627 locis
1519 2560 1718 2655 posuimus.

151 2679 391 2778 Excipiendus
404 2678 515 2750 codex
533 2678 964 2766 Salmasio-Buherianns,
983 2678 1027 2747 de
1043 2703 1115 2775 quo
1133 2677 1253 2777 paullo
1268 2694 1349 2776 post
1364 2680 1538 2752 dicemus.

199 2803 423 2876 Planudeum
438 2803 601 2874 codicem
617 2804 812 2900 optimum,
827 2826 901 2900 quo
916 2801 1114 2873 Brunckius
1133 2828 1216 2874 usus
1237 2817 1306 2894 est,
1321 2804 1428 2878 docta
1443 2830 1553 2876 manu
1571 2805 1721 2903 diligen·

152 2928 287 2999 tissime
306 2927 500 3023 scriptum,
527 2925 634 3022 hujus
656 2927 793 3019 generis
818 2927 854 2996 ni
877 2925 981 2997 fallor
996 2927 1301 3024 antiquissimum,
1326 2929 1355 2999 si
1377 2927 1497 3000 denuo
1516 2943 1720 3005 tractassem

152 3049 346 3146 (bonarum
372 3048 563 3136 horarum,
582 3047 630 3117 ob
655 3047 821 3118 ordinem
836 3031 1034 3137 diversum,
1054 3048 1243 3148 dispendio
1263 3049 1432 3146 summo),
1449 3065 1510 3121 aut
1538 3051 1636 3122 nulla
1658 3067 1720 3123 aut

154 3173 434 3272 perpaucissima
457 3172 691 3271 praebiturum
710 3172 818 3244 luisse
837 3172 889 3243 rei
916 3173 1046 3244 criticae
1074 3171 1278 3266 adjumenta
1305 3197 1412 3244 nemo
1439 3173 1638 3264 dubitabit,
1658 3174 1720 3246 sed

153 3300 448 3397 epigrammatum
474 3319 552 3392 quae
581 3294 712 3366 absunt
739 3319 759 3364 a
791 3296 955 3367 Palatinis
978 3294 1198 3367 membranis
1223 3295 1413 3394 appendici
1441 3321 1550 3394 qnam
1578 3312 1720 3398 oportet

153 3445 274 3492 curam
289 3420 552 3519 impendemus.

199 3547 406 3614 Graecorum
433 3544 540 3638 igitur
563 3557 640 3613 tum
662 3547 873 3614 Jacossrano
893 3543 1025 3615 ultimae
1044 3566 1170 3614 manus
1188 3541 1352 3640 exemplo
1367 3545 1440 3614 sive
1465 3567 1628 3642 suprema
1653 3546 1719 3616 viri

152 3670 189 3737 in
215 3666 429 3762 Antlmlogia
459 3665 653 3736 habitantis
685 3668 892 3737 recensione
919 3668 971 3736 uti
998 3665 1102 3736 nobis
1121 3666 1289 3759 contigit,
1307 3681 1383 3736 turn
1410 3640 1718 3740 Borssorin11're·

152 3794 337 3880 censione,
354 3792 432 3888 ipso
447 3791 603 3860 rationes
618 3790 752 3886 ubique
767 3804 987 3886 exponente,
1004 3788 1159 3885 denique
1175 3795 1376 3880 Burmann,
1393 3791 1526 3863 leviore
1547 3816 1717 3863 nonnun-

152 3937 260 4010 quam
289 3927 325 3984 et
346 3911 627 4001 inconsiderata,
647 3910 708 3982 sed
727 3910 833 3981 bonis
857 3911 1011 3981 inventis
1030 3933 1104 3980 non
1124 3923 1277 3980 carente.
1300 3911 1423 3979 Tribus
1450 3911 1718 3982 recensionibus

153 4037 296 4108 ineditis
310 4035 537 4107 admovimus
556 4036 857 4134 praestantissimas
876 4033 1141 4104 observationes
1155 4032 1205 4101 rei
1224 4032 1354 4102 criticae
1374 4033 1581 4129 principum
1603 4059 1611 4102 :
1631 4035 1720 4102 Mni-

154 4184 271 4250 nean,
305 4164 518 4248 Haananru,
551 4163 720 4246 Benexn,
756 4161 934 4244 annnar,
969 4159 1258 4243 Sennamnwnn,
1292 4157 1445 4224 Orroms
1480 4159 1717 4244 Scnnnmnm,

154 4286 309 4372 tuom,
327 4297 361 4351 et
381 4281 546 4352 aliorum.
569 4285 620 4350 Ex
639 4279 696 4350 his
715 4303 794 4376 qnae
815 4278 920 4358 nobis
942 4293 1005 4348 aut
1024 4301 1108 4348 vera
1132 4290 1193 4345 aut
1217 4277 1378 4371 proxime
1397 4274 1443 4345 ad
1472 4300 1597 4346 verum
1616 4301 1717 4348 acce·

153 4407 237 4477 dere
270 4406 498 4490 videbantur,
526 4407 564 4475 in
596 4405 724 4474 seriem
750 4425 897 4498 graecam
926 4403 1142 4500 recepimus,
1173 4400 1338 4500 apposito
1358 4399 1552 4495 quidem,
1574 4415 1615 4471 ut
1644 4403 1719 4499 ipse

155 4530 321 4602 omnibus
341 4531 378 4601 in
391 4529 479 4600 locis
495 4528 655 4625 judicare
669 4528 781 4626 possit
793 4527 917 4615 lector,
932 4539 1105 4622 apparatu
1119 4525 1181 4622 qui
1193 4523 1326 4596 dicitur
1335 4521 1543 4621 plenissimo
1562 4539 1598 4595 et
1611 4550 1718 4621 quam

155 4656 336 4751 potuimus
354 4653 586 4724 exactissimo.
603 4656 680 4740 Qua
696 4653 732 4722 in
747 4677 855 4750 opera
871 4648 1001 4722 accidit
1017 4648 1122 4720 nobis
1141 4662 1180 4718 ut
1200 4649 1411 4720 miraremur
1433 4646 1537 4718 simul
1558 4662 1593 4718 et
1608 4648 1719 4720 admi-

154 4803 314 4848 raremur
331 4801 408 4848 rem
428 4801 575 4874 prorsus
592 4777 882 4872 inexspectatam.
900 4779 983 4845 Post
1001 4773 1213 4871 Spalettium
1228 4786 1262 4843 et
1281 4770 1536 4859 Paulssenium‚
1555 4771 1718 4867 religiose

152 4901 289 4996 singula
311 4902 434 4971 omnia
454 4899 594 4972 Codicis
617 4899 766 4970 Palatini
795 4900 961 4986 rimatos,
984 4897 1221 4969 Wecbelianae
1241 4896 1409 4968 editionis
1433 4894 1636 4992 exemplum
1659 4897 1717 4966 cui

154 5023 326 5095 Bnberius
336 5025 542 5095 varietatem
554 5047 700 5094 omnem
714 5048 733 5094 a
746 5023 916 5094 Salmasio
928 5036 1110 5093 enotatam
1125 5022 1275 5120 eleganti
1290 5021 1428 5092 calamo
1443 5017 1716 5092 adscribendam

151 5161 353 5235 curaverat,
376 5147 452 5218 sine
469 5147 544 5217 ullo
567 5146 701 5220 damno
720 5146 850 5243 negligi
867 5161 903 5217 et
921 5146 1046 5244 seponi
1067 5170 1173 5242 posse
1192 5143 1401 5234 videbatur3
1421 5156 1457 5214 et
1472 5163 1712 5238 seposueram.

255 5270 412 5308 tantuma.
427 5267 444 5308 Ι.
1580 5276 1595 5326 g
