3940 5952
221 500 277 556 118
776 495 1028 556 ANTHOLOGIAE
1051 492 1252 555 PALATINAE

258 629 352 699 πτηνὸς
366 628 454 706 Ἔρως
467 625 564 698 πτηνὸν
578 626 648 685 κεῖσέ
661 630 689 704 μ’
702 617 753 694 οἶός
763 649 791 685 τε
804 627 899 706 ρι’ρειν.

220 717 252 773 Ei
267 716 311 773 καί
327 718 352 780 ἐς
366 713 485 783 ἀντολίην
498 713 561 791 πρὸς
574 714 699 792 ὁμόχρουν
713 713 779 783 ἵξεαι
792 713 864 786 Ἧίυ,

258 802 333 870 πεζὸς
347 801 500 880 ἀμετρήτοις
515 800 611 880 ἕψομαι
622 804 648 859 le
662 800 786 866 σταδίοις.

179 901 191 937 ⁶
219 890 253 948 El
266 885 294 946 δέ
307 911 332 944 τι
345 887 385 947 σοί
398 887 497 946 στέλλω
513 887 598 966 βύθιον
613 887 707 967 γέρας,
719 887 806 962 ἵλαθι,
820 885 913 966 κούρη,

258 977 292 1040 είς
307 973 335 1033 σὲ
352 975 500 1046 θαλασσαίη
511 979 586 1033 τοῦτο
600 974 672 1056 piper
685 974 791 1055 Παφίη,

219 1064 310 1121 κάλλεΐ
322 1067 459 1134 νικηθεῖσα
473 1071 531 1123 τεοῦ
543 1063 619 1142 χροὸς
632 1062 793 1143 ἱμερόεντος,

256 1150 286 1208 τὸ
299 1149 359 1230 πρίν
371 1150 410 1208 ἐπ’
424 1151 519 1230 ἀγλαΐῃ
534 1149 625 1230 θάρσος
637 1148 768 1226 ἀπωσομέ
803 1193 810 1209 .

326 1299 394 1350 302.
418 1288 587 1350 ursulus
610 1284 891 1348 ΣΧΟΛΑΣΤῙΚΟΥ.

220 1423 303 1490 Ποίην
315 1443 352 1486 τις
364 1418 427 1498 πρθς
441 1418 537 1498 ἔρωτας
549 1419 582 1476 tu
594 1416 697 1496 τρίόονς
711 1419 738 1474 ἐν
754 1416 800 1492 μέν
813 1417 914 1492 οίγυιαῑς

258 1507 391 1586 μαχλάθος
402 1506 520 1583 οίμώξεις
531 1510 694 1585 χρυσομανεῒ
707 1503 840 1582 σπατάλη·

218 1597 239 1653 εἰ
254 1594 276 1652 δ’
292 1593 334 1651 tel
347 1597 502 1674 παρθενικῆς
513 1592 634 1659 πελάσεις
647 1591 738 1670 λέχος,
753 1593 776 1657 ές
790 1589 875 1666 γάμον
886 1587 954 1660 ἥξεις

257 1680 373 1759 ἔννομον,
388 1678 405 1750 ἦ
420 1679 511 1745 ποινάς
521 1679 567 1744 τάς
583 1679 642 1757 περί
655 1683 706 1736 τῶν
720 1677 845 1758 ρθυρέων.

178 1781 189 1816 ⁵
220 1767 369 1848 Κουριδίαις
383 1767 410 1827 δὲ
425 1765 537 1844 γυναιξίν
552 1765 667 1846 ἀτερπέα
681 1765 774 1844 κύπριν
789 1763 894 1844 ίγείρειν

256 1856 295 1923 τίς
310 1877 353 1913 κεν
366 1853 511 1926 ὕποτλαίη,
525 1854 589 1932 πρὸς
599 1853 675 1932 χρέος
690 1851 843 1927 έλκόμενος;

221 1943 321 2023 Μοίχιο
335 1941 432 2021 λέκτρα
444 1941 577 2015 κάκιστα,
589 1942 633 1999 καί
649 1939 750 2000 ἔκτοθεν
766 1937 829 1996 stell
842 1937 952 2016 έρόετων,

256 2023 291 2090 ὧν
305 2027 372 2106 μέτα
386 2027 549 2104 παιδομανὴς
563 2026 658 2085 κείσθω
671 2024 835 2105 άλισροσύνη.

217 2117 296 2197 Χήρη
311 2119 346 2190 θ’,
360 2121 376 2187 ἡ
390 2115 438 2192 μὲν
451 2115 564 2191 ἄκοσμος
578 2116 633 2193 ἔχει
647 2114 782 2189 πάνδημον
797 2111 922 2194 ἐραστὴν,

166 2221 190 2258 10
256 2205 301 2263 κοί
315 2203 401 2262 πάντα
416 2203 515 2282 ρρονίει
529 2201 607 2272 δήνεα
624 2201 804 2279 μαχλοσύνης·
881 2227 884 2234 ’

216 2299 232 2364 ἡ
249 2292 276 2351 δέ
291 2293 484 2372 σαορρωιέουσα
498 2289 571 2364 μόλις
583 2288 701 2365 ριλότητι
716 2296 821 2366 μιγεῖσα

255 2381 376 2459 δέχνυτοι
387 2378 514 2456 θοτόργου
526 2375 619 2452 κέντρα
631 2375 823 2451 παλιμόολίης,

214 2469 258 2528 καί
271 2465 371 2544 στυγέει
386 2464 414 2525 τὸ
426 2464 556 2524 τελεοθέν·
568 2462 666 2542 ἔχουσα
682 2464 709 2521 δὲ
723 2462 844 2542 λείψανον
857 2463 956 2532 αἰδοῦς,

253 2555 291 2634 ἂψ
305 2553 348 2612 ἐπί
364 2552 522 2629 λυοιγάμους
533 2552 643 2629 χάζετοιι
654 2549 785 2626 ἀγγελίας.

163 2655 186 2689 ¹⁵
212 2641 264 2703 Ἦν
281 2640 307 2699 δέ
321 2645 398 2720 μιγῇς
412 2640 463 2718 ἰδίῃ
478 2637 658 2718 θεραπαινίδι,
672 2639 747 2707 τλῆθι
761 2638 805 2696 καὶ
821 2635 896 2702 οὗτός

254 2728 342 2794 δοῦλος
354 2726 515 2805 έναλλάγδην
529 2723 624 2800 turuile
637 2722 783 2803 γενόμενος·

213 2815 235 2871 el
250 2813 276 2871 δὲ
291 2812 336 2872 καί
348 2812 448 2894 ὀθνείῃ,
461 2811 518 2872 τότε
532 2835 573 2871 σοι
585 2809 661 2888 νόμος
676 2802 766 2891 α’ίσχος
780 2810 890 2890 ἀνάψει,
937 2817 940 2822 “

253 2898 327 2979 ύὸριν
341 2898 483 2979 ἀνιχνεύων
497 2896 617 2974 σώματος
632 2898 781 2978 ἀλλοτρίου.

215 2987 296 3046 Πάντ’
312 2986 363 3066 ἄρα
378 2985 499 3064 Διογένης
514 2983 606 3066 ἔφυγεν
618 2985 695 3058 τάδε,
708 2986 751 3042 τὸν
764 2988 786 3044 δ’
801 2983 940 3061 Ὑμέναιον

160 3086 186 3125 ²⁰
251 3074 335 3146 ἤειδεν
351 3073 478 3151 παλάμῃ,
491 3073 587 3138 Λαίδος
599 3074 627 3131 οὗ
641 3073 753 3152 χατέων.

490 3219 551 3269 303.
574 3220 711 3269 ΑΔΗΛΟΝ.

215 3350 339 3425 Κλογγῆς
352 3346 485 3424 πέμπεται
498 3338 563 3425 ἦχος
572 3349 601 3413 ,ές
616 3344 713 3417 ούατα,
727 3345 772 3403 καί
784 3343 889 3424 θόρυόος
903 3343 930 3400 δέ

252 3435 362 3500 ἄσπετος
377 3437 402 3492 έν
417 3433 537 3513 τριόδοις,
553 3435 606 3492 οὗθ’
625 3434 741 3510 ἀλέγεις,
756 3431 865 3512 Παρίη;

214 3522 300 3578 ἐνθάθε
313 3520 363 3599 γὰρ
376 3521 419 3579 σέο
432 3527 522 3598 κοῦρον
537 3519 717 3596 όθοιπορέοντα
732 3519 858 3595 κατέσχον

253 3609 325 3668 ὅσσοι
341 3609 377 3668 tut
390 3609 484 3687 κραδίῃ
497 3610 595 3687 πυρσὸν
607 3608 698 3686 έχουσι
712 3609 803 3668 πόθου.

489 3721 551 3773 304.
572 3725 709 3773 sunnon.

213 3845 324 3926 Ὀμραξ
339 3848 385 3905 οὐκ
405 3845 557 3914 ἐπένευσας·
569 3847 607 3906 ὅτ’
618 3839 649 3920 ἧς
664 3848 798 3930 οταρυλὴ,
810 3848 985 3929 παρεπέμψω.

247 4018 307 4066 lllue
319 4017 367 4066 ales
380 4021 455 4066 Amor
467 4033 505 4066 mc
518 4017 593 4080 ieret,
605 4019 654 4066 ales
664 4021 747 4069 Amor.

212 4102 258 4148 Seu
273 4099 323 4148 loca
335 4099 400 4159 uisis,
416 4098 457 4148 ubi
473 4100 547 4162 surgit
559 4099 603 4148 tibi
617 4101 729 4150 concolor
740 4104 803 4162 Eos;

246 4179 368 4229 lmmeus'u
377 4179 460 4246 spatiis
472 4180 509 4229 rel
520 4181 589 4245 pedes
602 4181 651 4246 ipse
663 4197 758 4247 sequar.

212 4270 265 4314 λεια
277 4282 351 4332 cepe,
364 4266 405 4315 sed
415 4265 499 4328 facilis,
513 4266 582 4315 mitto
594 4267 656 4331 quod
670 4267 701 4316 ab
712 4282 817 4332 equore,
827 4281 922 4325 munus,

248 4351 299 4411 lpse
309 4345 353 4396 tibi
364 4347 437 4396 donat
448 4349 511 4414 quod
525 4352 607 4396 Venus
621 4357 671 4397 ortu
683 4347 743 4397 meri
755 4364 761 4397 :

215 4430 286 4489 Qua,
299 4437 408 4492 snperato
418 4428 452 4476 tui
464 4428 545 4478 diuino
554 4429 661 4493 corporis
669 4438 743 4492 astro,

248 4510 303 4556 Non
316 4508 378 4556 ultra
388 4507 471 4558 incisus
482 4508 563 4575 jactat,
578 4519 678 4571 utente,
691 4526 768 4562 suem.

442 4643 497 4690 ὅου.
516 4659 627 4690 norrun:
643 4659 767 4695 οιικτοιιιε.

214 4757 285 4822 Quod
294 4755 346 4821 quis
353 4757 440 4806 umoris
451 4757 496 4806 iter
507 4760 604 4824 capiat?
614 4764 658 4809 Per
670 4761 771 4827 compita
782 4777 891 4827 magnum

246 4839 299 4890 Fiet
311 4855 369 4889 onus
380 4839 494 4890 meretrix
506 4840 626 4891 luxuriosa
638 4843 691 4893 tibi.

215 4923 310 4988 Quodsi
320 4922 458 4974 concubitus
467 4923 530 4972 ineas
539 4939 594 4972 cum
606 4925 703 4990 virgine,
712 4926 788 4990 justus

247 5010 299 5057 Jarn
311 5016 386 5067 torus,
396 5014 437 5055 sut
447 5005 522 5070 stupri
533 5023 601 5072 poena
614 5017 695 5072 parata
705 5007 757 5056 tibi.

215 5087 275 5150 Quis
288 5089 388 5136 tolerare
398 5095 475 5152 petest
487 5096 567 5136 noctes
581 5103 639 5152 quas
651 5089 722 5152 exigit
736 5095 813 5139 uxori

248 5175 295 5219 iles
306 5172 432 5236 pertricosa
446 5181 481 5220 est
492 5171 573 5220 debita
584 5172 638 5236 jure
650 5187 733 5223 senus.

216 5253 301 5316 Turpis
311 5252 420 5302 adulterii
430 5260 496 5303 torus
509 5262 554 5316 est,
566 5261 591 5302 et
600 5254 719 5304 umoribus
729 5271 813 5322 expers
828 5271 834 5306 :

1066 633 1145 683 elutus
1157 637 1231 682 Amor
1242 631 1334 681 urium
1347 643 1387 680 me
1400 630 1502 694 socium
1518 630 1577 680 illuc
1585 630 1648 680 terre
1661 631 1733 682 valet.

1035 721 1114 771 litium
1127 720 1148 770 si
1161 732 1247 770 sersus
1255 719 1373 768 orientem
1385 718 1417 768 ed
1427 717 1623 768 similem-colore
1632 721 1750 768 Auserem
1760 733 1813 783 ρει-

1067 808 1141 872 pedes
1156 811 1277 871 tesequar
1285 805 1417 856 innumeris
1430 804 1524 856 studiis
1705 805 1811 870 [venies¹

1036 896 1061 944 si
1084 908 1142 946 sero
1159 893 1257 958 aliquod
1282 893 1327 944 tibi
1343 892 1415 943 mitto
1436 891 1594 957 ex-prolundo
1616 892 1720 954 donum,
1740 894 1811 956 ltere,

1067 981 1097 1032 ed
1110 982 1238 1032 temerius
1249 981 1353 1031 hoclert
1363 979 1462 1043 Paphia,
1708 978 1810 1044 [puellet

1037 1075 1215 1140 pulchritudino
1226 1073 1292 1126 victe
1299 1073 1406 1138 corporis
1419 1073 1456 1123 tui
1466 1071 1587 1134 amabilis,

1068 1162 1167 1227 pristino
1181 1161 1326 1214 confidentia
1336 1160 1471 1212 venustatis
1483 1158 1644 1220 sue-rejecta

1198 1299 1251 1346 ³02.
1270 1294 1417 1344 AGATHIAE
1433 1291 1644 1342 SGHOLASTIGL

1039 1411 1139 1468 Qualem
1152 1410 1240 1474 uliquis
1253 1409 1286 1461 ed
1297 1422 1391 1460 amores
1404 1407 1552 1473 ingredietur
1574 1407 1678 1458 callem
1690 1407 1715 1457 in
1726 1407 1813 1472 puteis

1067 1498 1201 1550 meretricis
1213 1511 1295 1563 gemes
1304 1496 1533 1548 euro-insenieutcm
1546 1494 1680 1554 luxuriem

1038 1584 1058 1634 si
1069 1587 1151 1634 eutem
1163 1582 1194 1633 ad
1206 1581 1305 1648 virginis
1315 1582 1416 1632 accedes
1426 1582 1525 1642 lectum,
1543 1580 1673 1644 innuptias
1682 1581 1767 1631 venies

1068 1671 1195 1735 legitimus,
1207 1673 1251 1720 eut
1263 1669 1299 1720 ad
1309 1683 1393 1733 poenes
1405 1668 1587 1733 corruptoribus
1603 1668 1756 1718 constitutus.

1037 1758 1156 1808 Uxoribus
1169 1761 1249 1808 eutem
1261 1757 1374 1821 legitimis
1382 1756 1509 1807 insuavem
1521 1769 1636 1806 uenerem
1648 1755 1754 1806 excitare

1067 1843 1123 1908 rpris
1134 1843 1210 1904 ierat,
1221 1841 1253 1891 ed
1261 1841 1369 1891 debitum
1377 1843 1489 1891 tractus?

1037 1929 1187 1980 Muellerum
1206 1927 1350 1978 concubitus
1374 1926 1485 1989 pessimi,
1508 1928 1613 1988 suntque
1630 1927 1700 1976 extra
1717 1938 1813 1976 amores

1067 2017 1214 2081 quibuscum
1223 2011 1475 2078 pudescunt-luroris
1483 2014 1588 2076 ponetur
1596 2011 1700 2064 feditas.
1708 2011 1813 2077 [positi‚·

1036 2103 1116 2153 Vidua
1132 2103 1223 2164 οιιθειιι,
1239 2099 1295 2151 brec
1312 2100 1411 2162 quidem
1430 2099 1543 2150 indecore
1562 2099 1813 2164 quomrum-populo

1065 2193 1090 2242 et
1104 2203 1188 2240 omnes
1197 2189 1268 2240 callet
1281 2187 1349 2238 dolos
1363 2187 1507 2248 meretricii3
1569 2187 1711 2252 [amatorem
1720 2187 1808 2250 habu,

1034 2277 1077 2327 illa
1092 2291 1159 2338 sero,
1170 2289 1225 2340 quae
1234 2275 1323 2340 pudice
1336 2277 1407 2324 est-ct
1415 2274 1454 2324 rix
1463 2286 1545 2324 amore
1555 2273 1679 2336 miscetur,

1065 2364 1149 2429 recipit
1157 2363 1267 2414 stimulus
1276 2361 1510 2414 evome-ebanem
1522 2361 1686 2426 penitentie,

1034 2455 1060 2502 et
1073 2451 1124 2502 odit
1136 2453 1272 2518 petreium
1286 2449 1400 2512 reliquias
1409 2450 1492 2499 autem
1504 2447 1598 2500 hebens
1609 2449 1717 2514 pudoris,

1064 2537 1194 2590 retrocedit
1208 2537 1354 2588 adnuncies
1368 2535 1636 2601 nuptiesdissclrentes
1652 2535 1796 2598 (divortii).

1034 2626 1126 2685 Quodsi
1135 2624 1274 2676 rem-habes
1284 2639 1340 2674 cum
1348 2623 1434 2673 ancilla
1445 2623 1550 2687 proprie,
1561 2627 1643 2687 patere
1653 2624 1701 2687 ipse
1710 2636 1811 2688 quoqne

1064 2713 1170 2765 vicissim
1183 2725 1270 2764 servus
1284 2711 1337 2762 lieri
1348 2711 1463 2772 iamrdse3

1033 2801 1070 2852 sin
1083 2813 1140 2850 sero
1153 2813 1209 2850 cum
1221 2801 1350 2858 extranea.
1360 2799 1420 2850 tunc
1430 2798 1554 2850 infamium
1562 2799 1606 2850 tibi
1615 2800 1655 2850 len
1663 2800 1763 2865 indiget,

1064 2887 1219 2938 sim-illatum
1231 2887 1309 2938 alieno
1317 2886 1412 2949 corpori
1420 2886 1576 2952 investigans.

1033 2975 1120 3026 Omnia
1130 2975 1205 3040 igitur
1218 2975 1272 3026 bec
1280 2972 1367 3037 effugit
1376 2973 1503 3038 Diogenes,
1513 2977 1538 3025 et
1547 2975 1701 3038 hymeneum

1063 3061 1175 3113 cantabat
1186 3062 1279 3126 palma,
1293 3058 1368 3110 Laide
1380 3074 1426 3109 non
1439 3073 1520 3124 egens.

1317 3192 1371 3238 303,
1388 3190 1522 3240 mesnil.

1033 3317 1090 3368 Seni
1105 3317 1201 3368 sonitus
1215 3316 1303 3367 accidit
1314 3317 1345 3366 ad
1358 3329 1444 3378 eures,
1461 3319 1486 3367 et
1500 3317 1573 3367 turbe

1063 3404 1181 3455 immeme
1193 3403 1218 3452 in
1227 3402 1323 3454 biviis:
1338 3405 1363 3454 et
1373 3405 1403 3454 tu
1415 3417 1557 3465 uouemus,
1567 3404 1676 3467 Pepbia?

1032 3492 1073 3543 blo
1082 3493 1146 3543 enim
1157 3492 1235 3544 fllium
1243 3495 1316 3542 tuum
1323 3492 1528 3544 viemiecientem
1541 3493 1711 3558 corripuensnt

1063 3580 1200 3643 omnes-qui
1213 3580 1237 3629 in
1249 3579 1321 3630 eorde
1334 3580 1410 3630 secem
1424 3579 1514 3631 habent
1528 3581 1648 3632 desiderii.

1317 3713 1371 3759 ³04.
1388 3711 1518 3761 monum.

1682 3772 1745 3838 [slsti
1759 3788 1810 3828 nse.

1025 3855 1348 3918 ¹immuturauununuuisti3
1359 3857 1456 3920 quundo
1463 3872 1517 3910 eres
1527 3863 1686 3924 crematum,
1697 3863 1815 3914 θειασταί-

1066 4020 1095 4064 Ιιι
1105 4031 1191 4081 pueros
1199 4016 1294 4065 sceleris
1303 4033 1352 4066 uon
1362 4017 1415 4068 sine
1424 4019 1478 4068 labe
1489 4019 1564 4071 lusor.

1032 4097 1056 4145 Si
1068 4097 1137 4146 vidue
1150 4106 1184 4146 est
1196 4098 1316 4162 petulans,
1328 4098 1397 4161 vulgo
1407 4098 1453 4148 eibi
1464 4100 1548 4164 quaerit
1557 4109 1676 4164 ειοειιιεες

1066 4179 1219 4244 Urticumque
1228 4179 1297 4245 lupe,
1310 4195 1355 4229 uec
1364 4181 1441 4230 minus
1455 4181 1595 4232 artishebet
1612 4197 1619 4232 ε

1032 4262 1056 4310 Si
1067 4260 1150 4327 proba,
1164 4261 1202 4310 rix
1211 4261 1293 4327 primis
1306 4261 1429 4328 Cythereie
1445 4264 1539 4329 cognita
1550 4264 1620 4314 furtis

1066 4342 1163 4406 subsilit,
1174 4352 1198 4392 et
1212 4353 1277 4392 retro
1291 4342 1338 4393 lert
1351 4343 1447 4409 fugitive
1456 4346 1540 4413 pedem
1554 4363 1561 4397 τ

1033 4425 1128 4490 Quique
1136 4424 1215 4474 animo
1225 4435 1332 4488 superest
1340 4424 1428 4475 lactum
1444 4427 1571 4478 damnante
1585 4429 1685 4495 pudore,

1065 4504 1157 4570 Spargit
1170 4505 1258 4566 dissidii
1270 4505 1358 4555 semine
1369 4507 1446 4573 prima
1458 4525 1544 4559 mores.

1034 4586 1230 4636 Ancillariolum
1242 4587 1283 4651 sis,
1303 4605 1398 4655 qusque
1414 4593 1496 4652 ureris,
1507 4592 1549 4642 illu

1067 4671 1109 4717 Est
1122 4678 1176 4734 tue3
1188 4668 1235 4726 dic,
1248 4684 1322 4719 serre
1335 4671 1392 4736 quid
1401 4671 1448 4721 uisi
1459 4687 1539 4724 servus
1551 4673 1618 4724 eris?

1033 4749 1074 4798 Sin
1086 4749 1173 4810 eliens,
1185 4748 1275 4815 probro
1284 4758 1309 4800 te
1319 4751 1357 4801 lex
1370 4751 1417 4802 hoc
1427 4753 1526 4804 nomine
1538 4754 1622 4820 signat,

1068 4836 1097 4882 m
1110 4832 1252 4896 dicitfluris
1263 4850 1311 4884 non
1320 4845 1371 4885 erat
1385 4836 1427 4885 illa
1435 4837 1480 4888 tui.

1036 4914 1103 4977 Fugit
1114 4914 1230 4978 Diogenes
1240 4913 1290 4964 hec
1302 4917 1390 4977 omnia,
1403 4917 1490 4982 pellice
1504 4918 1572 4976 isera,

1067 4995 1115 5058 eri
1127 4994 1172 5044 sibi
1182 5004 1219 5044 sat
1230 4993 1297 5059 telis,
1313 4997 1386 5046 Laide
1395 5014 1445 5048 non
1456 4999 1529 5064 eguit.

1330 5150 1386 5206 sot.
1402 5165 1512 5199 russum.

1011 5227 1016 5303 i
1031 5259 1155 5312 Abrurcree
1171 5261 1230 5315 mihi
1243 5264 1315 5316 crude
1323 5301 1330 5328 ‚
1343 5265 1384 5315 sed
1397 5275 1422 5318 et
1430 5266 1549 5318 maturior
1556 5281 1618 5331 ure,
