3946 5952
700 877 1237 1040 PRAEFATIO.

708 1243 711 1250 ¹
829 1231 1110 1268 -ὒθῦ-

229 1537 309 1622 Qua
320 1557 359 1604 re
373 1532 508 1604 sactum
524 1533 570 1604 sit
579 1548 619 1604 ut
633 1531 847 1630 anthologia
858 1537 1153 1631 epigrammatum
1172 1560 1269 1623 ptine
1282 1537 1428 1622 demum
1441 1518 1593 1635 prodeat
1606 1536 1748 1610 diverso

182 1682 202 1728 a
220 1657 403 1757 plerisque
429 1655 538 1754 hujus
560 1656 782 1729 Bibliothecae
800 1657 1043 1731 voluminibus
1067 1648 1215 1750 ornalu,
1236 1657 1395 1731 editionis
1423 1663 1607 1731 Variorum
1635 1660 1748 1732 instar

181 1779 297 1880 (quod
312 1805 422 1878 genus
435 1780 523 1853 olim
538 1796 615 1854 erat
630 1781 668 1858 in
687 1780 855 1878 deliciis),
876 1806 1056 1881 exponere
1073 1783 1177 1855 liceat
1195 1783 1357 1886 longiore
1380 1783 1501 1856 forsan
1524 1784 1748 1876 narratione,
1804 1821 1810 1827 ·

181 1905 245 1978 sed
263 1907 431 2003 ingenua.

232 2035 310 2101 lam
337 2030 536 2102 tricesimus
562 2032 678 2127 agitur
699 2057 815 2104 annus
833 2056 874 2104 ex
903 2057 977 2128 quo
1004 2032 1182 2105 Firminus
1210 2034 1321 2106 Didot
1345 2048 1507 2106 veterum
1531 2034 1747 2132 scriptorum

187 2179 379 2251 graecorum
397 2155 650 2228 collectionem
674 2150 933 2255 amplissimam
961 2157 1071 2254 coepit
1087 2157 1225 2252 moliri,
1246 2158 1394 2230 minime
1418 2183 1504 2230 sane
1531 2157 1663 2231 oblitus
1686 2173 1749 2232 aut

185 2278 363 2375 negligens
378 2279 637 2353 versiculorum
655 2279 800 2353 illorum
815 2281 877 2379 qui
893 2295 1011 2353 totum
1025 2298 1314 2373 monumentum,
1333 2282 1431 2354 velut
1443 2282 1574 2354 hedera
1595 2297 1657 2355 aut
1676 2283 1747 2355 cle·

182 2404 317 2475 metitis
325 2403 507 2501 ingentem
516 2404 702 2503 platanum
712 2405 758 2477 ab
773 2406 847 2478 imo
862 2419 993 2477 trunco
1006 2406 1044 2476 in
1058 2403 1203 2477 ultimos
1217 2428 1335 2503 usque,
1342 2405 1501 2478 ramulos
1515 2408 1697 2505 corymbis
1714 2425 1749 2482 et

182 2527 339 2600 flosculis
354 2530 470 2602 vestit.
492 2533 570 2602 lmo
592 2529 806 2626 singularem
825 2529 983 2602 savorem
1009 2529 1159 2602 fortunae
1182 2530 1219 2600 in
1242 2527 1300 2602 bis
1323 2544 1538 2603 tercentum
1559 2548 1748 2632 poetarum

182 2652 342 2751 reliquiis
360 2669 527 2752 expertus
548 2668 584 2726 et
597 2654 664 2726 sibi
680 2653 923 2752 gratulabatur
936 2670 971 2726 et
988 2653 1069 2726 orbi
1083 2654 1243 2745 literat0,
1259 2654 1358 2753 quod
1380 2654 1441 2727 ille
1458 2657 1534 2755 ipse
1552 2659 1618 2749 vir,
1640 2684 1748 2756 quom

173 2777 346 2850 'unanimi
370 2803 497 2850 omnes
516 2777 685 2874 suffragio
704 2778 842 2850 adrem
865 2755 1059 2875 gerendam
1077 2778 1307 2876 delegissent,
1330 2779 1583 2878 elegantiarum
1615 2782 1749 2854 arbiter

184 2901 279 2973 idem
303 2916 339 2973 et
363 2901 557 3001 exemplar,
576 2901 948 3000 omnigenagloctrina
977 2899 1181 3002 spectabilis
1209 2907 1463 2975 Borssonanrus
1490 2928 1582 3002 opus
1609 2928 1748 2976 summe

183 3027 342 3118 varium,
360 3026 610 3124 duodeviginti
625 3027 737 3099 ferme
756 3026 883 3099 saecula
907 3025 1128 3123 antiquitatis
1152 3025 1379 3123 complexum
1403 3025 1441 3097 in
1466 3050 1542 3098 sese
1564 3041 1748 3125 receperat

186 3147 377 3220 edendum.
391 3150 453 3220 His
461 3149 626 3248 auspiciis
638 3147 914 3248 praeclarissimis
925 3148 1093 3222 adornari
1103 3163 1220 3247 coepta
1234 3163 1286 3220 est
1299 3149 1623 3245 Anthologiaenova
1637 3150 1749 3223 editio

183 3295 281 3343 anno
297 3275 605 3347 MDCGCXXXVI.
626 3277 698 3346 Nec
723 3273 836 3346 latine
861 3272 1025 3346 vertendi
1044 3297 1123 3371 quae
1136 3277 1239 3369 Hugo
1255 3272 1402 3344 Grotius
1429 3247 1747 3370 nondumcogno·

182 3411 283 3468 verat
306 3398 561 3495 epigrammata
581 3397 637 3470 bis
663 3396 760 3470 mille
785 3398 968 3494 negotium
991 3399 1169 3470 recusavit
1191 3397 1247 3469 vir
1265 3398 1414 3470 eximius
1438 3411 1475 3468 et
1492 3397 1748 3496 exquisitarum

182 3544 304 3593 rerum
321 3521 565 3620 plenissimam
587 3523 861 3595 annotationem
880 3521 1034 3595 texebat.
1054 3525 1172 3610 Quam
1191 3546 1274 3593 cum
1293 3520 1432 3592 videret
1450 3534 1486 3620 et
1513 3521 1750 3594 admiraretur

182 3645 361 3717 Firminus
388 3645 515 3738 Didot,
536 3648 638 3719 enixe
666 3646 868 3721 obsecravit
894 3645 1165 3719 Boissonadium
1193 3661 1234 3719 ut
1250 3645 1389 3742 justum
1415 3660 1450 3716 et
1478 3646 1749 3743 quodammodo

112 3857 130 3890 .
180 3750 397 3870 perpetuum
412 3773 711 3846 commentarium
729 3771 884 3845 scribere
905 3795 951 3841 ne
965 3759 1230 3867 dedignaretur,
1248 3795 1357 3868 quem
1382 3769 1560 3841 lectorum
1583 3771 1747 3842 omnium

177 3909 217 3967 et
232 3893 361 3994 plausu
384 3912 572 3996 exceptum
595 3898 640 3969 iri
657 3897 898 3994 augurabatur
910 3908 947 3966 et
968 3891 1164 3967 commodo
1184 3893 1261 3966 fore
1276 3917 1431 3984 summo,
1445 3892 1600 3992 plurima
1615 3895 1749 3993 quippe

181 4022 219 4093 in
237 4023 427 4121 poematiis
439 4045 496 4094 res
510 4020 622 4095 hodie
639 4021 756 4093 minus
775 4020 934 4117 cognitas
958 4018 1149 4119 saepissime
1172 4017 1400 4116 tangentibus
1419 4043 1493 4090 non
1512 4018 1595 4090 satis
1607 4017 1747 4089 intelle·

180 4159 369 4218 cturorum
396 4147 465 4218 nisi
491 4145 735 4245 explicationis
756 4143 892 4243 aliquid
916 4142 1260 4217 subministraretur.
1279 4142 1347 4215 Sed
1373 4141 1473 4214 nullo
1498 4140 1627 4232 modo,
1643 4165 1750 4239 prece

181 4269 280 4342 nulla
296 4271 501 4369 permoveri
519 4284 660 4369 poterat
671 4271 728 4342 vir
740 4269 953 4343 immortalis
970 4284 1012 4341 ut
1028 4277 1092 4342 sua
1109 4293 1221 4340 manu
1235 4280 1395 4340 exararet
1408 4279 1444 4336 et
1461 4265 1634 4337 Didotum
1654 4265 1748 4363 typis

181 4393 386 4468 describere
401 4391 545 4492 juberet
569 4417 648 4493 quae
666 4394 741 4492 jam
766 4391 813 4466 ab
836 4393 913 4467 aliis
928 4409 1026 4467 recte
1046 4392 1140 4465 dicta
1156 4405 1273 4464 essent
1286 4405 1322 4462 et
1335 4389 1429 4462 bene
1442 4390 1601 4488 exposita
1625 4415 1633 4459 ε
1655 4413 1751 4462 nora

182 4519 293 4592 modo
313 4533 349 4591 et
363 4541 424 4590 sua
438 4517 627 4610 daturum3
643 4517 760 4591 aliena
774 4519 837 4616 qui
852 4519 1048 4612 desideret,
1064 4514 1211 4590 aliunde
1225 4516 1308 4587 huic
1321 4539 1396 4588 esse
1410 4513 1584 4613 petenda,
1601 4513 1639 4585 in
1656 4514 1750 4586 notis

183 4667 223 4715 ea
239 4643 340 4716 libris
357 4655 534 4742 prostare.
553 4643 659 4741 Atqui
677 4669 752 4716 non
765 4649 934 4743 poterant
951 4643 989 4715 in
1003 4639 1269 4717 difficilioribus
1288 4655 1343 4714 tot
1356 4663 1507 4712 numero
1521 4639 1611 4711 locis
1626 4661 1748 4710 neces-

175 4768 272 4840 saria
285 4767 332 4840 ad
345 4767 680 4866 interpretationem
693 4767 885 4867 praeteriri,
905 4768 994 4840 dum
1007 4767 1117 4840 vicini
1131 4765 1203 4839 loci
1226 4765 1264 4836 in
1280 4763 1462 4864 exquisitis
1476 4761 1702 4863 philologicae
1715 4775 1749 4832 et

182 4891 346 4964 literariae
364 4891 537 4965 doctrinae
551 4870 737 4991 cuppediis
749 4889 981 4965 luxuriarent.
997 4897 1050 4964 lta
1070 4892 1189 4964 evenit
1203 4904 1243 4962 ut
1261 4903 1340 4962 turn
1360 4884 1508 4988 quidem
1533 4911 1588 4960 res
1611 4885 1748 4957 faustis·

181 5017 281 5090 simis
299 5015 426 5088 avibus
438 5017 608 5090 inchoata
626 5031 662 5089 et
672 5019 748 5114 jam
767 5016 923 5091 multum
936 5033 1126 5117 provecta,
1146 5015 1266 5088 subito
1280 5014 1434 5113 abrupta
1450 5014 1687 5086 omitteretur.

230 5141 338 5234 Quod
352 5166 466 5239 quum
487 5143 673 5240 aegerrimo
688 5143 810 5216 animo
830 5143 923 5218 ferre
941 5142 1115 5216 Didotum
1135 5139 1315 5231 viderem,
1336 5164 1433 5210 anno
1459 5139 1746 5249 Muoecxxxtx

183 5241 297 5338 literis
306 5265 379 5339 adii
395 5271 792 5362 Fxmnarcmrltcoas,
807 5267 910 5366 cujus
929 5282 968 5340 ut
978 5265 1039 5340 alii
1060 5287 1186 5340 omnes
1205 5285 1383 5334 summam
1407 5259 1667 5333 humanitatem
1703 5261 1749 5332 ita
