3938 5950
205 416 264 478 280

466 548 509 598 to.
523 549 582 594 ror
595 547 701 594 οιτον.

201 675 308 754 Τύμδος
327 671 556 751 Ἀνακρείοντας·δ
573 672 655 743 Τι’,ϊος
667 670 756 731 ἐνθάδε
768 667 859 737 κύκνος

241 759 310 820 είίδει
320 803 328 831 ,
339 762 375 838 χή
386 758 485 817 παίδων
499 757 633 838 ζωροτάπα
646 756 738 834 μανίη.

203 847 301 924 Ἀκμὴν
313 845 421 925 λειριόεν
435 867 461 903 τι
480 845 611 920 μελίζεται
624 845 691 924 ἀμφί
702 843 844 924 Βαθύλλω·

242 932 330 1012 ἠρέμα
341 931 387 992 καί
400 937 492 992 κισσοῦ
507 932 597 998 λευκὸς
611 931 691 990 ὄδωδε
706 932 785 998 λίδος.

203 1021 269 1081 Οὐδ’
291 1017 376 1093 Ἀίδης
390 1043 430 1080 σοι
445 1021 544 1098 ίρωτας
561 1018 725 1091 ἀπίσάεσεν,
747 1021 773 1078 ίν
789 1020 812 1077 δ’
832 1017 980 1097 Ἀχέροντος

242 1103 278 1166 ὧν
293 1105 350 1174 ὅλος
364 1106 462 1173 ὧδίνεις
473 1105 589 1187 Κύπριδι
600 1106 753 1186 θερμοτέρῃ.

422 1249 470 1300 at.
496 1241 761 1300 ΔΙΟΣΚΟΡΙΔΟΥ.

205 1371 322 1452 Σμερδίῃ
335 1361 358 1431 δι
372 1370 416 1429 lut
430 1369 518 1451 Θρῃκί
531 1370 617 1437 rauel<
629 1369 674 1428 καὶ
688 1367 730 1427 ἐπ’
747 1369 857 1447 ἔσχατον
878 1369 980 1440 ὀστοῦν,

244 1458 335 1536 κώμου
348 1457 394 1516 καί
407 1457 493 1529 πάσης
507 1457 612 1536 κοίρανε
625 1457 799 1536 παννυχίδος,

205 1547 360 1628 τεριτνύσατε
374 1545 512 1622 Μούσῃσιν
522 1544 673 1618 Ἇνάκροον,
689 1533 710 1602 δν
723 1542 760 1601 ’πί
774 1541 901 1620 Βεθύλλιρ

244 1633 346 1716 χλωρδν
361 1632 427 1711 ὑπὲρ
439 1632 551 1690 κυλίκων
568 1630 680 1690 πολλάκι
696 1630 778 1708 δάκρυ
789 1631 868 1708 χέας,

167 1741 181 1781 o
206 1720 354 1800 αύτόματαί
366 1743 406 1778 τοι
417 1723 511 1798 κρῆναι
529 1716 696 1785 ἀναὸλύζοιεν
709 1715 839 1794 ἀκρήτου,

245 1811 297 1881 κήκ
316 1808 440 1886 μακάρων
455 1805 569 1886 προχοαί
581 1805 704 1883 νίκταρος
720 1801 879 1881 ᾰμὸροσίου·

206 1897 346 1974 αὐτόματοι
359 1892 386 1954 δὲ
400 1893 498 1975 ρίροιεν
515 1892 571 1963 ίαν,
586 1889 616 1949 τδ
625 1888 780 1971 ριλίσπιρον
793 1889 880 1957 ἄνθος,

244 1987 339 2057 κῆποι,
351 1982 396 2042 καί
409 1984 517 2060 μαλακῇ
531 1979 615 2058 μύρτα
629 1977 747 2059 τρίροιτο
763 1976 861 2056 δρόσῳ·

205 2072 270 2154 δρρα
286 2071 331 2132 καί
346 2074 372 2129 ίν
386 2075 470 2142 Δηοῦς
484 2065 621 2144 αίνωμίνος
634 2065 703 2146 tupi
715 2065 861 2144 χορεύσῃς,

156 2173 181 2214 Ιί·
247 2159 383 2236 βεύληκδις
400 2159 513 2239 χρυσέην
530 2165 620 2236 χιῑρας
635 2157 676 2213 ἐπ’
692 2151 859 2234 Εὐρυπύλην.

444 2297 491 2346 ³2.
520 2285 739 2348 lotAlAllot.

207 2418 326 2480 Πολλάκι
341 2418 388 2496 μίν
405 2417 458 2475 τάδ’
471 2416 546 2475 deine
556 2462 565 2493 ‚
577 2417 622 2475 καὶ
639 2418 668 2474 ἐκ
678 2412 780 2490 τύμάου
794 2412 821 2470 δὲ
837 2411 942 2491 βοήσω·

247 2533 258 2556 ι
280 2505 390 2576 Πίνετι,
405 2503 465 2582 πρίν
480 2504 578 2573 ταύτην
592 2501 779 2582 δμριάάλησθε
791 2498 895 2559 eduin·

454 2639 497 2688 33.
521 2640 579 2685 ΤΟΥ
597 2638 703 2684 Arror.

206 2772 233 2809 α.
246 2745 412 2809 nollendo
421 2744 707 2823 τίδνηκας,Ἆνάκριον.
718 2741 828 2822 β.’λλλδ
836 2741 979 2823 τρυφήσας·

245 2834 289 2893 καί
304 2833 334 2894 σὺ
350 2832 376 2892 δὲ
388 2832 426 2911 μὴ
439 2833 519 2892 πίνων
532 2831 601 2901 ἵξεαι
616 2836 652 2898 είς
667 2827 763 2906 Ἀΐδην.

326 2976 373 3027 tt.
397 2968 643 3027 ΑΝΤΙΠΑΤΡΟΥ
664 2967 858 3026 ΣΙΔΩΝΙΟΥ.

207 3093 332 3176 Πιερικδν
350 3093 499 3172 σάλπιγγα,
511 3092 554 3152 edu
569 3090 683 3171 εὖαχίων
698 3088 880 3170 inobedienter

244 3183 408 3264 χαλκευτδιν,
423 3183 530 3262 κατέχει
547 3180 678 3259 Πίνδαρον
695 3180 741 3238 tte
757 3178 840 3252 κόνις,

205 3263 234 3330 ού
246 3271 322 3350 μίλος
333 3268 436 3330 ιίσαίων
448 3268 569 3352 ρδέγξαιά
583 3291 645 3341 κεν,
661 3267 696 3333 ὥς
711 3289 773 3326 ποτε
788 3269 900 3326 Μουσῶν

244 3361 269 3417 ἰν
284 3359 396 3435 Κάδμου
410 3357 536 3434 θαλάμοις
550 3361 647 3429 σμῆνος
662 3355 839 3414 αἰνεπλσίσατο.

452 3497 499 3546 35.
522 3485 728 3545 indultor.

205 3620 327 3698 ΙἈρμενος
338 3604 371 3687 ἤν
382 3616 499 3685 ξείνοισιν
512 3612 576 3692 ἀνὴρ
585 3613 627 3671 dia
639 3614 683 3670 καὶ
698 3613 770 3691 φίλας
784 3613 888 3684 docuit,

245 3705 391 3785 Πίνδαρος,
406 3700 524 3782 εὐφώνων
536 3699 665 3780 Πιερίδων
681 3699 821 3778 πρόπολος.

499 3939 539 3987 do.
555 3952 673 3991 ιευεοιιι,

525 4077 555 4126 de
568 4074 658 4126 eodem.

204 4203 290 4250 'Pectus
304 4195 440 4248 Anacreion
451 4194 523 4244 cubat
534 4193 581 4244 hoc
589 4191 634 4242 aub
643 4205 762 4241 marmore
773 4228 779 4251 ‚
796 4204 883 4258 cycnus

203 4327 205 4332 .
236 4281 323 4342 Teius,
334 4279 359 4329 in
369 4293 455 4344 pueros
466 4275 582 4326 maximus
595 4284 651 4324 ante
660 4271 735 4324 furor.

205 4365 289 4414 mant
301 4359 378 4411 adhuc
390 4358 480 4425 aliquid
492 4357 522 4406 de
536 4354 637 4423 pulchro
648 4355 716 4406 dulce
730 4353 857 4420 Bathyllo;

236 4443 316 4509 Spirat
329 4441 407 4492 adhue
417 4439 528 4489 hederam
541 4437 653 4487 candidus
665 4436 708 4485 iste
722 4435 798 4501 lapis:

206 4529 256 4576 ileo
267 4523 324 4572 dum
335 4522 463 4571 exstinctus
474 4535 541 4568 amor
553 4518 601 4568 lato
615 4527 658 4567 est.
694 4515 831 4566 Acheronte
843 4513 888 4564 sub
900 4512 949 4563 into

237 4609 311 4655 Totus
328 4617 367 4663 ee,
377 4610 401 4651 et
413 4601 489 4649 calida
502 4599 570 4647 loettrs
582 4615 607 4646 es
619 4614 632 4646 a
647 4603 752 4646 Venere.

438 4743 477 4789 32.
495 4755 593 4786 ιιιιικπι
610 4751 733 4796 moranni,

338 4899 466 4950 exgenere
484 4880 656 4947 Proesectorunr
668 4875 850 4944 Augustalium,

525 4978 556 5028 de
567 4978 659 5028 eodem.

206 5127 297 5176 llortor
306 5130 332 5173 et
344 5138 373 5173 ex
383 5119 489 5181 bimulo,
502 5117 577 5168 cecini
587 5117 651 5182 quod
662 5131 733 5181 sepe,
745 5109 848 5162 bibatis!

240 5209 303 5255 unm
317 5205 423 5254 nondum
437 5201 492 5251 ulia
505 5216 547 5250 νοε
560 5214 655 5266 quoque
667 5192 842 5246 visitabuntur.

760 407 1014 470 ANTHOLOGIAE
1036 403 1237 465 PALATINAE

1312 545 1351 591 30.
1377 549 1522 591 illusura.

1023 675 1180 729 Anacreontis
1189 676 1330 740 sepulcrum
1341 672 1390 724 hoc
1405 675 1441 724 eat
1452 689 1460 722 :
1472 675 1547 723 Teius
1562 672 1602 720 lito
1615 685 1707 735 ergarus

1054 764 1159 824 dormit,
1169 765 1195 814 et
1203 763 1332 826 in-pueros
1346 759 1510 810 meracissima
1522 759 1623 809 inmania.

1022 852 1182 914 Nunoipsum
1193 850 1305 900 floridum
1317 847 1435 913 quiddam
1446 846 1587 896 modulatur
1597 845 1629 895 de
1642 844 1767 908 Bathyllo,

1055 941 1159 990 tortasse
1170 941 1194 988 et
1206 937 1322 988 hederam
1335 935 1405 986 albus
1416 935 1465 986 olet
1478 933 1550 997 lepis.

1023 1029 1107 1090 Neque
1115 1029 1195 1076 orcus
1203 1025 1247 1077 tibl
1253 1036 1350 1075 amores
1358 1022 1478 1084 exstinxit,
1488 1021 1532 1072 sed
1541 1021 1565 1070 in
1571 1020 1713 1072 Acherontis
1722 1020 1800 1071 dorso

1054 1127 1155 1165 versans
1168 1115 1237 1166 totus
1250 1112 1366 1162 cruciaris
1377 1109 1491 1161 calidiore
1504 1122 1600 1160 renero.

1279 1248 1318 1295 ³1.
1336 1245 1544 1294 bloscoutulS.

1024 1378 1166 1430 osmerdia
1182 1377 1213 1428 de
1226 1377 1320 1428 thrace
1333 1375 1460 1426 tabescens
1472 1373 1510 1423 rel
1520 1372 1552 1422 ad
1564 1373 1698 1422 ertremum
1711 1383 1753 1429 os,

1055 1466 1148 1517 telesti
1162 1468 1187 1516 et
1199 1465 1274 1517 totius
1288 1463 1386 1514 domine
1398 1460 1531 1526 pervigilii,

1022 1553 1199 1617 iucundissime
1210 1552 1285 1602 Musis
1297 1555 1435 1610 Anacreon,
1446 1562 1461 1597 ο
1475 1547 1506 1597 de
1517 1545 1628 1608 Bathyllo

1055 1645 1167 1706 vegetam
1179 1642 1275 1706 poculis
1292 1654 1358 1704 saepe
1369 1639 1494 1690 lacrimam
1506 1637 1638 1695 ustulans,

1024 1736 1109 1796 sponte
1121 1731 1166 1782 tihi
1178 1731 1258 1781 tontes
1266 1729 1382 1780 ebulliant
1392 1740 1488 1777 merum
1498 1763 1504 1786 ‚

1056 1821 1081 1868 el
1094 1832 1109 1868 a
1124 1817 1204 1868 beatis
1218 1817 1267 1866 dtis
1281 1817 1372 1866 tluente
1382 1813 1488 1865 nectaris
1497 1809 1626 1868 ambrosii;

1029 1907 1162 1968 sponteque
1175 1905 1253 1954 lerant
1262 1902 1365 1962 violam,
1378 1898 1544 1964 vespertinum
1557 1898 1653 1956 liorem,

1055 1992 1134 2053 horti,
1147 1993 1172 2042 et
1184 1993 1267 2042 tenero
1275 1991 1355 2052 myrta
1367 1987 1505 2038 nutriantur
1517 1998 1587 2035 rore:

1026 2083 1055 2129 ut
1066 2077 1138 2130 etiem
1148 2077 1172 2128 in
1182 2078 1276 2128 cereris
1286 2075 1347 2127 aede
1360 2077 1433 2139 potus
1442 2073 1548 2124 molliter
1558 2072 1646 2130 selles,

1056 2165 1217 2236 circumjectis
1230 2163 1343 2214 manibus
1355 2175 1436 2212 auree
1448 2158 1585 2224 Eurypylae.

1318 2287 1357 2332 32.
1379 2280 1509 2331 JULIANI.

1025 2418 1096 2478 scope
1109 2413 1157 2464 boc
1166 2413 1254 2474 cociti,
1271 2415 1296 2462 et
1307 2426 1336 2463 er
1349 2411 1461 2475 sepulcro
1472 2409 1602 2460 clamabo:

1058 2522 1071 2546 ι
1087 2501 1176 2563 Bhrite,
1184 2499 1328 2564 ρποεοιιειιι
1344 2497 1407 2548 hauc
1418 2497 1524 2547 hiduatis
1536 2496 1672 2560 pulverem.
1685 2515 1697 2538 ι

1318 2637 1357 2686 33.
1380 2645 1529 2686 ulusueu.

1027 2789 1053 2825 a.
1071 2775 1178 2826 hlultum
1189 2773 1419 2838 postquambibisti,
1427 2773 1517 2834 obiisti,
1528 2776 1660 2823 Anacreon.
1671 2770 1694 2821 b.
1707 2767 1754 2819 Sed
1763 2769 1803 2818 in·

1057 2864 1084 2914 et
1093 2865 1122 2914 tu
1132 2877 1182 2913 non
1196 2865 1283 2928 potans
1294 2861 1375 2912 ibisin
1387 2865 1486 2912 Orcum.
1684 2855 1803 2922 [deliciis5

1191 2963 1193 2968 ’
1232 2987 1270 3034 οι.
1288 2984 1455 3033 Anrrrsrnr
1470 2981 1595 3031 smonu.

1027 3105 1130 3159 Pieriam
1143 3104 1242 3167 tubam,
1258 3106 1398 3156 sardorum
1409 3115 1507 3166 gravem
1518 3098 1664 3163 hymnorum

1058 3195 1167 3254 tamum,
1183 3191 1315 3242 Pindarum
1330 3191 1427 3241 cohibet
1439 3189 1493 3240 haec
1505 3189 1599 3252 pulvis,

1027 3285 1099 3346 cidus
1113 3293 1211 3332 carmen
1224 3278 1358 3330 exaudiens
1374 3277 1454 3338 dicas,
1469 3276 1527 3326 olim
1540 3278 1665 3325 Musarum

1058 3383 1161 3420 emman
1173 3369 1199 3419 in
1214 3367 1300 3419 cadmi
1311 3364 1424 3417 thalamis
1438 3363 1466 3414 id
1482 3363 1587 3412 unxisse.

1310 3501 1349 3548 ³5.
1365 3495 1518 3544 LEONIDAE.

1030 3632 1110 3694 Aptns
1121 3631 1174 3680 erat
1182 3627 1320 3692 hospitibus
1331 3626 1372 3676 hic
1382 3625 1429 3686 vir,
1442 3627 1468 3675 et
1479 3623 1574 3673 amicus
1587 3621 1695 3679 civibus,

1062 3715 1194 3777 Ρίοδεευε,
1205 3705 1326 3764 vocaliirm
1341 3711 1465 3764 Pieridum
1479 3709 1595 3760 minister.

1443 3829 1805 3850 ffl

1322 3914 1363 3963 33.
1381 3916 1418 3960 De
1427 3907 1516 3959 eodem.

1030 4052 1107 4102 uulu
1116 4050 1201 4102 bibens
1213 4049 1332 4101 oocumhis
1344 4051 1469 4098 Anacreon
1485 4059 1491 4094 :
1505 4043 1550 4092 ibis
1561 4041 1585 4091 iu
1599 4045 1689 4092 Orcum

1059 4139 1095 4186 Tu
1105 4150 1199 4201 quoque
1212 4133 1291 4183 mollis
1305 4130 1377 4182 homo
1384 4167 1392 4193 ,
1401 4129 1440 4180 cui
1452 4126 1563 4177 laborent
1574 4124 1670 4176 bibere.

1259 4271 1300 4323 st.
1318 4280 1454 4314 inurerer
1471 4277 1573 4321 εεοοιιιι,

1338 4372 1368 4422 de
1378 4370 1493 4421 Pindaro.

1029 4495 1143 4548 Pindarus
1157 4493 1276 4544 Aonidum
1289 4491 1381 4542 tumulo
1392 4490 1448 4540 tnbn
1463 4488 1574 4538 conditur
1586 4486 1641 4546 isto,

1062 4580 1209 4630 Grandisona
1222 4576 1283 4626 sacri
1295 4574 1407 4625 carminis
1415 4582 1467 4622 arte
1479 4571 1555 4620 taber.

1029 4667 1088 4728 Quae
1097 4663 1161 4712 canit
1170 4661 1286 4714 audieris,
1300 4659 1363 4707 dices
1373 4655 1462 4704 misisse
1472 4657 1606 4706 Camenae,

1063 4749 1090 4794 ln
1102 4743 1185 4795 Cadmi
1197 4739 1307 4792 malentis
1318 4753 1370 4804 que
1381 4734 1540 4795 stabulentur,
1551 4749 1616 4800 apes.

1326 4862 1365 4910 ³5.
1385 4874 1511 4924 ιεοπευι,

1352 4979 1382 5030 de
1393 4978 1484 5030 eodem.

1031 5100 1171 5169 Hospitibus
1185 5099 1276 5160 tacitis,
1293 5113 1361 5148 carus
1374 5094 1529 5164 popularibus
1547 5091 1625 5154 idem,

1064 5184 1191 5241 Pindarus,
1207 5182 1327 5232 Aonidum
1340 5182 1437 5231 dextera
1451 5179 1496 5228 lida
1511 5175 1563 5227 tuti.
