3946 5952
703 388 919 449 ANNO'l'ATlO
940 390 977 448 lN
1000 389 1124 450 CAPUT
1145 391 1193 450 lV.
1707 405 1746 465 ss

136 516 287 580 superstites
311 516 441 566 invenisse.
470 516 640 580 Inscriptioues
662 521 745 567 autern
766 519 853 582 partim
869 519 919 582 ipse
997 522 1029 571 11.
1041 519 1166 572 scholium
1184 522 1276 585 ιίτερος
1288 525 1400 586 Στέφανος
1411 525 1530 576 Φιλίππου
1546 531 1745 594 θεσσαλονικέως,

135 587 270 650 descripsit
282 587 411 651 Meleager,
426 588 516 650 partim
529 587 560 638 ab
575 587 659 638 amicis
672 592 698 639 et
712 590 870 641 familiaribus
879 589 922 639 ho-
966 590 992 638 ὃν
1005 589 1114 650 ἐποίησεν
1123 592 1184 640 κατά
1204 592 1301 655 μίμησιν
1313 595 1465 658 Μελεάγρου·
1476 599 1570 656 συνῆξεν
1582 600 1606 648 ti
1620 601 1660 649 καὶ
1677 603 1746 660 αι’ντδς

136 657 294 720 §piumque
309 661 424 720 acoepms
436 657 531 720 primus
543 659 635 722 publici
650 660 713 723 juris
730 662 795 712 fecit,
816 683 827 706 ιι
844 689 875 700 -
890 668 921 714 39
965 661 1012 710 άπὸ
1020 666 1067 712 τῶν
1076 663 1235 726 ἐμφερομένων
1251 669 1367 723 ποιητῶν·
1378 667 1401 722 ἐξ
1414 668 1575 731 Ἀντιπάτρου,
1587 671 1744 736 Πριναγόρου,

136 730 190 784 τοῦς
204 728 225 778 δ’
236 727 308 790 eod„
323 728 429 778 conexit
442 730 575 780 ltmlorus.
589 736 657 784 -to
671 733 767 796 όρπικας
781 733 842 791 ἐλίης
858 734 919 784 (lod.
968 733 1107 794 Ἀντιφίλου,
1118 733 1230 795 Τυλλίου,
1243 736 1392 797 Φιλοδήμου,
1404 739 1582 800 Παρμενίωνος,
1594 741 1743 804 Ἀντιφάνους,

135 803 217 848 -46,
233 798 313 848 schol.
324 799 482 856 Πολύκλητος.
497 803 573 850 Poeta
584 801 690 865 ignotus.
705 803 807 854 Bothius
820 805 919 867 κύαμον.
965 801 1142 865 ascoperam<
1153 802 1217 866 (sic).
1227 810 1309 866 Ζωνᾶ,
1322 806 1445 870 Βιάνοροι,
1461 810 1743 875 11νιιγόνοο,Δισδώροο,

134 895 169 905 -
182 874 223 920 tl.
234 888 246 912 o
254 872 402 919 Amaracum
414 869 478 920 inter
490 868 579 921 herbas
587 874 760 938 unguentarias
768 875 921 939 praecipuum
966 872 1069 934 Εὐήνου,
1079 875 1119 922 καὶ
1129 873 1200 922 αὐτοῦ
1212 875 1340 924 Φιλίππου,
1354 877 1471 940 Ἐγραψεν
1484 879 1509 928 δέ
1520 879 1610 935 οὔτυςὸ
1628 881 1744 940 Φίλιππος

133 942 219 991 locum
241 943 316 992 tenet.
334 941 395 1002 (llic
414 954 513 1004 quoque
532 943 604 993 molis
626 944 815 1009 Πολυστράτου.)
835 971 865 982 -
878 952 917 998 42,
964 942 1124 1003 rescatentes
1136 943 1193 1007 πρός
1203 961 1256 993 τινα
1270 945 1396 1010 Κάμιλλον.
1410 977 1440 988 -
1456 952 1475 997 1.
1488 948 1760 1016 erassitudinem

132 1013 266 1076 Antipater
291 1010 415 1062 Sidoniis
444 1011 596 1075 significatur
613 1028 657 1079 per
679 1016 800 1078 φοίνισσαν
817 1015 919 1074 κόπρον,
966 1031 978 1056 ι
1003 1013 1125 1072 nobilibus
1156 1015 1250 1067 consita
1282 1016 1422 1079 arboribus,
1457 1018 1547 1082 quihus
1573 1025 1745 1084 comparantur

132 1095 212 1146 quun
234 1082 354 1132 Ascalone
371 1084 397 1133 et
412 1082 510 1132 canobo
524 1086 651 1146 provenire
671 1085 743 1138 docet
763 1086 873 1136 Dioscor.
892 1083 918 1143 1,
964 1087 1051 1148 poete.
1064 1086 1372 1146 »tm-ttvscveccodc
1385 1087 1543 1145 αντανέπλαξα
1554 1103 1635 1155 apogr.
1646 1095 1745 1142 Par.-

135 1157 189 1202 124.
205 1155 329 1216 -1434ν
345 1152 436 1216 pitin
450 1153 590 1218 fleclerus,
604 1152 920 1220 sedprscpositiosuhaudi·
964 1163 988 1205 6.
1009 1173 1022 1198 «ι
1033 1155 1193 1222 ὀλιγσστιχίη
1210 1156 1262 1207 sive
1278 1156 1309 1208 de
1321 1157 1473 1208 brevioribus
1487 1160 1647 1223 carminibus,
1663 1164 1745 1226 qualia

132 1229 219 1274 mres
229 1239 255 1275 τ.
273 1229 311 1275 11.
322 1223 371 1285 )-
381 1227 421 1274 44.
436 1224 596 1278 Bennodort
609 1241 697 1278 nomen
710 1227 839 1292 significari
848 1227 920 1276 acute
964 1229 1023 1277 sunt
1041 1227 1226 1291 epigrammata,
1245 1227 1297 1278 sive
1314 1227 1346 1278 de
1367 1229 1508 1280 collectione
1524 1245 1573 1281 nou
1587 1231 1649 1282 adeo
1664 1235 1745 1297 ampla

131 1297 262 1360 perspexit
276 1295 406 1346 stannus.
421 1295 470 1353 Qui
482 1295 549 1348 unde
561 1297 679 1348 oriundus
692 1299 725 1349 sit
737 1313 816 1362 quum
827 1297 921 1360 ignore-
964 1295 1140 1360 accipiendum.
1156 1300 1217 1348 Post
1236 1296 1304 1349 hunc
1323 1313 1423 1350 versum
1443 1300 1468 1350 in
1488 1301 1549 1351 Cod.
1565 1303 1671 1364 spatium
1687 1305 1743 1355 reli·

131 1381 209 1426 mus‚
225 1367 334 1417 nescitur
342 1364 402 1428 quid
411 1365 570 1417 tribuendum
579 1367 611 1418 sit
619 1368 811 1432 interpretationi
819 1367 918 1428 tleislii,
963 1369 1046 1429 ctum,
1062 1370 1088 1418 et
1105 1368 1190 1420 versui
1212 1373 1226 1419 7
1243 1368 1395 1434 adscripttun
1408 1371 1501 1432 Ἀλλσς,
1521 1371 1593 1434 quusi
1605 1374 1662 1424 novi
1679 1379 1746 1427 esset

131 1439 180 1500 qui
192 1437 262 1500 syria
274 1435 351 1487 nardo
362 1436 554 1500 melopaeiam
566 1437 668 1489 indicari
684 1440 804 1490 censebat.
813 1437 918 1488 Grotius
963 1435 1076 1486 carminis
1088 1437 1194 1488 initium.
1205 1459 1217 1482 ν
1228 1441 1285 1490 roc.
1298 1469 1328 1482 -
1347 1446 1362 1491 u
1376 1441 1481 1502 τυλλίας,
1497 1445 1521 1492 11
1534 1443 1620 1504 tonse,
1635 1449 1662 1494 12
1678 1446 1744 1505 ἐλαίη

131 1509 271 1568 ομνσθειιῑν.
289 1537 318 1548 -
334 1510 374 1564 45,
389 1509 430 1556 46.
445 1506 527 1556 Poetis
539 1507 583 1571 qui
603 1509 628 1558 in
646 1508 694 1558 hoc
708 1507 814 1560 disticho
829 1523 920 1560 merno-
963 1505 1024 1556 Cod.
1048 1507 1120 1565 Quod
1139 1509 1254 1572 precedit
1267 1510 1288 1558 ὃ·
1305 1509 1409 1561 tortasse
1432 1510 1501 1561 abest
1523 1512 1554 1562 eh
1576 1526 1658 1578 apogr.
1677 1518 1742 1576 Par.;

133 1582 230 1638 rantur,
241 1581 355 1640 agrestes
367 1578 542 1641 campiparte
550 1579 638 1640 tribui,
650 1580 919 1642 quodehucolicorum
963 1576 1135 1628 Bsissouadius
1148 1577 1250 1640 delevit,
1260 1579 1315 1630 hec
1328 1584 1447 1631 annotans
1463 1603 1469 1630 ι
1485 1601 1496 1622 ι
1510 1583 1615 1632 Restitui
1629 1585 1745 1648 scriptam

130 1663 239 1699 numero
254 1647 357 1708 ineunt,
367 1649 440 1696 acute
452 1646 557 1708 coniecit
569 1649 744 1712 tleislius‚qui
757 1655 782 1701 et
796 1651 917 1700 Σικελίδεω
962 1645 1099 1698 lectionem.
1124 1648 1258 1700 Productio
1271 1651 1371 1712 syllabae
1389 1669 1413 1708 σς
1437 1665 1486 1701 non
1507 1652 1580 1703 dehet
1602 1667 1656 1705 esse
1668 1656 1746 1706 otten-

130 1733 224 1769 uomen
237 1718 268 1769 de
281 1715 433 1780 Δοσίαρίαιία
448 1717 631 1781 interpretatur,
646 1722 738 1771 rectius
750 1735 825 1784 quam
837 1721 919 1770 Marti-

131 1806 182 1840 nus
202 1791 234 1840 de
248 1789 386 1840 Theocrito.
401 1789 450 1846 Qui
466 1791 583 1839 Σιιιελίδου
603 1793 750 1842 mentionem
769 1793 828 1843 iecit
846 1793 915 1855 1ι1γ11.

133 1865 197 1923 vll,
216 1866 261 1922 to,
277 1861 320 1910 uhi
335 1859 412 1914 schol.
428 1858 598 1918 Ἀσκληπιάδην
615 1866 670 1924 φησί
687 1865 727 1912 τδν
747 1866 918 1927 ἐπιγράμματα·

129 1936 239 1998 γράφον,
251 1937 284 1988 ὣς
294 1933 343 1980 υἱὸν
356 1931 472 1981 Σικελίδα.
488 1953 499 1975 ν
514 1935 572 1983 lac.
595 1933 655 1984 cod.
667 1937 809 1985 ποσίδιππον
820 1937 863 1996 (ut
874 1948 918 1984 ste·

132 2007 253 2068 pissime)
270 2006 295 2054 et
308 2003 398 2060 ῆδυλον.
411 2028 444 2038 -
456 2006 486 2052 47
501 2003 597 2066 χρυσίον
617 2005 677 2054 cod.
694 2025 705 2048 ιι
720 2009 799 2068 lunge
818 2009 853 2054 ἀεὶ
865 2007 918 2070 χρύ·

132 2093 217 2130 σειον,
240 2078 271 2124 ut
287 2074 358 2123 tiores
382 2072 502 2130 (licuntur
518 2074 647 2135 άειθαλεῖς,
669 2076 768 2126 arbores
791 2077 915 2138 άείφυλλοι.

135 2153 143 2204 (
155 2143 327 2202 Quaerendum
339 2143 470 2193 scientibus
483 2142 573 2192 hurum
585 2157 667 2193 rerum
676 2159 733 2208 quos
742 2146 823 2209 planta
837 2145 918 2195 subin-

133 2216 264 2277 dicetur.)
284 2213 418 2277 Respicitnr
445 2217 528 2262 autem
558 2214 702 2276 eloquentius
728 2216 851 2279 splendor,
874 2231 918 2280 per

133 2286 221 2335 ‹rrnnia
232 2283 339 2335 Platonis
358 2296 433 2346 opere
449 2283 529 2332 tusus.
544 2310 575 2318 —
589 2290 627 2334 50.
654 2286 817 2349 Πρωτογόνους
841 2289 917 2343 ἕλικας

133 2357 245 2420 intelligo
267 2353 359 2405 leviora
379 2353 494 2402 carmina.
515 2381 546 2390 —
567 2360 605 2404 51.
627 2359 655 2405 ln
668 2358 749 2419 φλογί,
768 2357 835 2420 (γοοδ
849 2357 917 2407 iridis

131 2440 212 2491 genus
225 2428 291 2476 esta
310 2425 423 2474 minmco
439 2424 521 2473 colore
536 2423 644 2486 dictum,
659 2430 731 2488 poeta
753 2428 784 2477 ad
804 2429 918 2490 cumulo

130 2499 197 2562 giam
209 2496 316 2547 nommis
330 2494 450 2556 Φαιδίμου
465 2508 480 2544 α
495 2493 571 2545 verbo
585 2497 704 2558 φαίνεσθαι
720 2497 839 2562 respicere
852 2498 918 2548 vide-

131 2577 180 2618 tur.
196 2574 278 2618 -52
293 2566 378 2629 Ὀμμα
388 2567 442 2627 βοὸς
458 2566 497 2614 est
512 2565 558 2614 ilos
571 2565 644 2629 vulgo
660 2568 804 2630 βσίφδαλμος
819 2567 915 2628 dictus,

133 2639 299 2689 recentiorum
319 2636 460 2698 βαλσαμίνη.
487 2657 498 2680 ν
519 2638 577 2686 Juc.
592 2667 619 2678 -
638 2638 875 2700 cartomensis)
892 2656 917 2689 τε

133 2710 278 2773 ςαλσὶιιρητσν
292 2705 366 2767 (lod,
380 2718 443 2756 corr.
455 2707 575 2758 lteislius.
592 2707 632 2757 Sic
644 2707 777 2770 serpyllum
787 2708 876 2759 dicitur
886 2709 917 2759 oh

132 2794 207 2830 usum
221 2779 248 2828 in
273 2776 503 2840 compotationibus.
529 2797 541 2821 ι
557 2779 640 2835 Quum
656 2778 689 2829 sit
706 2793 793 2841 parum
813 2781 917 2844 serpyllo

131 2850 281 2902 conveniens
304 2847 430 2912 epitheton
447 2848 593 2910 φιλάιιρητον,
619 2848 765 2912 praelerebat
788 2850 917 2900 lectionem

130 2921 266 2986 apographi
287 2918 426 2970 Giesscnsis
438 2921 579 2982 φιλακρήτου
594 2919 716 2984 Soringar.
731 2919 757 2969 ln
775 2920 917 2972 Prolusione

130 3009 156 3044 a.
174 2999 242 3052 1611,
256 3007 281 3055 p.
299 2997 328 3041 16
343 2993 384 3054 (et
399 2988 528 3051 Bothius).
544 2989 604 3040 Mihi
625 2990 715 3040 arridet
736 2991 852 3053 andacia,
871 3007 917 3044 nec

130 3065 176 3115 illa
189 3063 278 3124 nimia,
287 3075 345 3125 quas
357 3063 396 3111 est
408 3060 434 3109 iu
443 3061 581 3123 φιλάκρητον
595 3059 627 3110 ad
639 3059 741 3110 herbam
753 3061 831 3125 ipsam
839 3065 917 3113 traus-

130 3139 194 3187 tato.
207 3157 219 3178 n
228 3138 259 3185 B.
269 3133 342 3183 Grati.
352 3134 489 3190 νεοόηλῆ.-
496 3136 526 3182 ot
533 3133 628 3196 ίρπυλον
638 3139 729 3182 κυανῶν
738 3133 809 3195 (36114
820 3136 916 3197 κυάμων

130 3205 292 3270 Purgoldus‚
315 3202 499 3267 quodprohant
523 3203 609 3265 Grani,
632 3206 696 3265 tec,
718 3205 806 3266 Boias,
829 3205 915 3266 ticoli,

128 3275 489 3339 ΒοίΙι.7υ1ρσιιυιίνων.-65.
499 3272 620 3323 Ἀλλωντ’.
635 3291 647 3315 «
659 3273 736 3337 Igitur
747 3287 796 3323 non
806 3275 916 3325 omniurn

128 3353 277 3414 pronianum,
287 3359 350 3410 quos
365 3345 391 3394 in
412 3346 533 3394 Coronam
550 3345 699 3407 intexuerat,
715 3345 814 3397 nornine
834 3359 914 3398 recen·

129 3419 199 3478 sarit,
214 3417 260 3468 sed
281 3415 446 3478 antiquiorum
460 3414 541 3464 modo.
555 3419 584 3465 tn
596 3415 711 3477 νιόγραφα
729 3416 856 3468 immemor
869 3418 916 3468 tuit

129 3487 270 3554 allegorias,
278 3491 337 3538 niv.
346 3491 386 3536 ³5.
396 3505 409 3528 ν
418 3487 476 3535 loc.
486 3487 605 3536 Recentes
614 3489 639 3535 et
644 3484 752 3548 equales
761 3489 846 3551 poetas
857 3488 917 3537 indi·

130 3565 182 3611 eat.
198 3588 231 3600 -
243 3567 283 3610 56.
304 3577 317 3600 τ
339 3558 415 3606 Recte
436 3555 530 3604 λευκόια
549 3555 609 3605 dixit
630 3557 740 3618 πρώϊμα,
755 3557 845 3621 (γυίμμο
859 3572 916 3620 quae

130 3633 196 3681 irrter
209 3643 253 3680 cos
270 3628 343 3678 flores
362 3627 511 3688 resonatur,
525 3627 568 3689 qui
580 3627 688 3690 primum
703 3640 746 3677 ver
762 3617 913 3678 annuntiant.

131 3705 168 3750 [a
180 3699 291 3751 carmina
302 3698 404 3749 innuere
420 3696 525 3758 ridetur,
540 3711 595 3760 qun
608 3695 750 3746 adolescens
764 3710 821 3747 vere
836 3700 916 3749 etatis

131 3773 264 3822 eednuat
277 3791 290 3814 ν
305 3766 385 3834 urat.
396 3795 429 3805 -
444 3772 483 3820 57.
496 3787 507 3811 ι
523 3770 671 3831 Frequenter
683 3770 748 3818 artes
761 3767 864 3818 erudita
876 3787 916 3832 μυ

130 3843 232 3905 cripta,
249 3841 333 3903 ὄργια,
348 3837 439 3901 qttique
452 3837 477 3886 in
499 3850 541 3887 eas
557 3836 715 3898 incumbunt,
731 3838 816 3896 μύσται
829 3852 916 3890 vocan-

130 3920 206 3962 tura
228 3909 347 3974 sophistis
365 3908 503 3972 presertim
525 3911 550 3958 et
571 3908 616 3970 qui
637 3907 799 3971 sophisticum
820 3908 916 3960 dicendi

130 3997 210 4048 genus
223 3984 359 4034 sectantur.
372 4001 384 4024 ν
394 3984 452 4030 Joc.
463 4005 494 4014 —
502 3983 531 4030 ln
544 3979 637 4043 pagiua
650 3979 726 4043 hujus
738 3980 846 4044 margine
859 3983 916 4032 sori-

130 4057 204 4116 ptum
226 4050 352 4105 &bollum
372 4047 413 4098 ltlc
432 4049 577 4112 apponimus
597 4070 603 4098 τ
629 4052 651 4098 oi
668 4056 715 4099 τῶν
733 4051 915 4114 ἐπιγραμμάτων

129 4125 243 4185 ποιηταὶ,
258 4123 300 4180 ob<
315 4123 411 4181 συνῆξιν
425 4122 557 4184 Πιλέαγρος
567 4121 591 4170 ὲν
604 4125 639 4183 τῷ
654 4121 708 4184 παρ’
725 4122 797 4170 αὐτοῦ
806 4124 914 4172 πλακίντι

131 4195 257 4258 Στεφάνῳ·
274 4193 419 4256 Σιμωνίδης,
429 4191 534 4251 Ῥιανὸς,
549 4191 664 4248 Ἀλκαῖος,
678 4191 808 4250 Λεωνίδης,
820 4192 913 4254 susm,

131 4267 339 4329 116ρὼ,Σαιτφὼ,
362 4263 525 4323 Μελάνιππος,
544 4264 647 4320 doccia,
666 4261 777 4324 Ἥριννα,
792 4265 914 4325 Σαμμίας,

131 4335 306 4396 ,11νίσι141ε1ο
319 4347 402 4398 apogr.
416 4336 483 4391 Par.;
493 4331 587 4382 incod.
602 4344 647 4395 pro
657 4333 668 4388 t
680 4334 719 4383 cst
728 4331 915 4396 sigtanurnerali

129 4405 219 4456 similis
241 4408 308 4456 note
329 4407 378 4465 7),
397 4404 532 4468 Πάμφιλος,
561 4403 702 4466 Παγκράτης
736 4404 833 4468 (apogr.
859 4407 912 4453 Par.

131 4476 297 4539 Παγκράτισς)
309 4511 317 4535 ,
328 4475 434 4536 Τύμνης,
445 4474 529 4529 Νικίας
537 4509 545 4533 ,
553 4473 678 4534 Εὔφημος,
692 4473 843 4535 Δαμάγητος,
855 4476 916 4523 Καλ-

130 4549 246 4610 λίμαχος,
261 4547 395 4609 Εὐφορίων,
407 4547 567 4607 Ἡγήσιππος,
581 4546 698 4608 Περσεὺς,
709 4545 831 4607 Διότιμος,
846 4547 916 4594 Μενε-

130 4620 233 4680 κράτης,
254 4617 403 4678 Νικαίνετος,
415 4615 527 4679 Σιμμίας,
544 4617 670 4676 Παρθενίς,
684 4618 840 4680 Βακχυλίδης,
856 4618 916 4668 Ἀνα-

129 4691 221 4750 κρέων,
230 4687 347 4749 Ἀνθέμιος
359 4687 398 4746 (v.
409 4683 442 4734 ad
449 4697 473 4735 v.
484 4689 534 4745 36),
543 4683 675 4750 Ἀρχίλοχος
685 4723 691 4744 ,
701 4687 851 4742 Πολύκλειτος
859 4691 912 4751 (Ἀρ.

132 4758 307 4819 licinianam),
320 4756 472 4819 Ἀντίπατρος,
484 4755 914 4820 Ποσίδιππος,”11δυλλος,Σικελίόας,

130 4831 233 4880 Πλάτων
243 4831 257 4879 ό
266 4829 354 4891 μέγας,
363 4827 456 4888 Ἀρατος
465 4862 472 4884 ,
482 4828 619 4891 Χαιρήμων,
629 4828 756 4890 Φαίδιμος,
769 4829 913 4891 Ἀνταγόρας,

962 1715 1033 1766 sioni.
1049 1737 1062 1762 ν
1075 1744 1108 1754 -
1123 1723 1150 1768 16
1165 1719 1201 1768 sic
1216 1721 1310 1784 egregie
1329 1721 1432 1772 correxit
1447 1722 1579 1773 ileclerus.
1594 1724 1654 1775 cod.
1669 1725 1745 1783 εὐηνὼ

962 1787 1052 1849 (ateva
1068 1800 1149 1852 apogr.
1167 1793 1233 1850 Par„
1250 1789 1332 1840 editur
1354 1793 1456 1856 Εὐήνῳ)
1471 1793 1557 1855 δάφνην
1578 1795 1743 1845 συνεπίτλεκε·

961 1858 1014 1912 τοὺς
1023 1859 1048 1908 ct
1057 1877 1083 1908 π.
1095 1878 1107 1902 ιι
1121 1860 1160 1908 Sic
1177 1860 1306 1910 Camillum
1319 1863 1449 1925 patronum
1468 1862 1493 1912 in
1506 1863 1649 1923 societatem
1663 1878 1745 1929 operte

962 1931 1061 1979 vocaret
1076 1929 1218 1994 Philippus,
1228 1931 1295 1995 quod
1307 1932 1425 1996 ineptum.
1443 1953 1455 1977 ν

992 2073 1035 2120 111.
1048 2069 1173 2120 Scholium
1185 2092 1191 2120 :
1204 2073 1310 2134 Ἀγαόίου
1321 2076 1481 2136 Σχολαστικοῦ
1494 2075 1601 2124 Ἀσιανοῦ
1615 2077 1745 2140 Μυριναίου

962 2139 989 2187 οὐ
1001 2140 1124 2201 στέφανος,
1136 2142 1194 2190 άλλόι
1206 2145 1332 2204 συναγωγή
1348 2147 1405 2192 νέων
1424 2145 1614 2208 ἐπιγραμμάτων.
1632 2146 1664 2209 (ι
1675 2150 1748 2196 Συνα·

962 2210 1038 2270 γωγή,
1053 2209 1127 2260 sicuti
1140 2214 1260 2274 στέφανος,
1276 2212 1378 2278 figurate
1387 2213 1554 2286 ‘capiendum
1566 2215 1697 2279 respicitur
1713 2217 1746 2268 ad

962 2280 1129 2331 collectionem
1150 2282 1316 2344 symbolarum
1335 2287 1360 2333 et
1373 2286 1518 2347 apparatum
1532 2287 1645 2342 convivit.
1660 2288 1745 2338 Pollux

963 2354 1012 2412 111,
1030 2359 1059 2403 it
1076 2374 1082 2401 ε
1099 2354 1135 2403 Τά
1150 2356 1174 2403 δὲ
1188 2357 1343 2416 πράγματα...
1353 2358 1469 2415 συλλογὴ,
1487 2361 1629 2418 συναγωγὴ,
1649 2360 1744 2425 ἔρανος,

962 2424 1084 2479 σύστασις.
1106 2445 1118 2468 ν
1139 2424 1315 2486 ausentius.)
1335 2428 1459 2490 ’Πκμασεν
1471 2429 1496 2476 δὲ
1521 2428 1588 2484 οὗτος
1607 2431 1620 2478 δ
1640 2433 1745 2490 Ἀγαδίας

962 2493 999 2542 ἐπὶ
1013 2495 1176 2544 ’1ουστινιανοῦ
1194 2501 1236 2545 τοῦ
1257 2496 1372 2560 μεγάλω·
1392 2497 1491 2561 ἔγραψεν
1514 2499 1538 2547 el
1564 2501 1604 2548 καὶ
1630 2502 1745 2565 Ἱστορίαν

962 2565 1001 2610 καί
1017 2567 1047 2612 τὰ
1058 2565 1248 2628 ἐπονομαζόμενα
1266 2567 1397 2629 Δαφνιακά.
1410 2568 1514 2631 Ἔγραψε
1530 2569 1554 2618 δέ
1570 2575 1645 2619 ταῦτα
1657 2573 1686 2620 τὰ
1697 2575 1746 2622 ἐπ·-

961 2635 1086 2697 γράμματα
1111 2639 1167 2700 πρὸς
1192 2638 1312 2702 Θεόδωρον
1330 2639 1482 2702 δεκουρίωνα.
1503 2639 1599 2696 Quibus
1614 2641 1677 2692 adde
1691 2642 1745 2693 blec

961 2704 1043 2755 Suidm
1068 2709 1196 2764 ισυνίταξε
1218 2710 1272 2758 δέ...
1299 2711 1339 2757 καὶ
1354 2709 1443 2759 statu
1459 2716 1506 2760 τῶν
1526 2711 1584 2760 νέων
1601 2713 1746 2778 ίπιγραμμά·

961 2793 1017 2836 των,
1034 2778 1059 2825 ὃν
1079 2779 1147 2834 αὐτὸς
1170 2782 1263 2838 συνῆξεν
1285 2781 1312 2828 ἐκ
1334 2786 1379 2828 τῶν
1399 2781 1460 2829 κατὰ
1484 2783 1563 2844 καιρόν
1584 2791 1695 2840 ποιητῶν·
1720 2790 1745 2838 et

961 2846 1038 2910 ipsius
1046 2847 1155 2911 Agatbitu
1165 2849 1190 2899 iu
1200 2849 1317 2913 prooemio
1325 2849 1439 2900 Historias
1453 2871 1459 2898 ι
1474 2851 1535 2906 ἔδοξε
1547 2853 1572 2900 δι’
1584 2869 1623 2913 μοι
1635 2855 1744 2919 πρότερον

961 2918 1054 2968 κάκεῖνο
1067 2920 1196 2975 άξιόπαινόν
1206 2922 1296 2970 τιεῖναι
1310 2922 1350 2970 καὶ
1361 2922 1405 2970 οὐκ
1417 2921 1501 2986 σίχαρι,
1514 2923 1560 2983 είγε
1572 2929 1619 2971 τῶν
1631 2925 1743 2990 ἐπιγραμ·

961 2989 1040 3051 μάτων
1053 2990 1082 3038 τὰ
1094 2991 1199 3052 ἂρτιγενῆ
1212 2993 1251 3039 καί
1265 2993 1364 3054 νεώτερα
1376 2992 1555 3040 διαλανθάνοντα
1568 2993 1601 3041 ἔτι
1620 2997 1659 3042 καί
1673 2999 1744 3058 χύδην

961 3062 1046 3109 οὑτωσί
1059 3063 1112 3124 παρ’
1126 3061 1193 3116 ἐνίοις
1208 3061 1417 3126 ὑποψιθυριζόμινα
1436 3062 1552 3124 ἀγείραιμί
1574 3079 1597 3112 τε
1614 3067 1645 3120 ὡς
1658 3065 1707 3114 oliv
1719 3085 1744 3117 τε

961 3131 992 3186 είς
1011 3131 1081 3179 ταίιτδ
1103 3132 1143 3179 καὶ
1166 3131 1324 3195 άναχράψοιιμι
1345 3133 1433 3180 ἕκαστα
1455 3131 1540 3194 κόσμῳ
1562 3135 1742 3196 ἀποκεκριμένα.

962 3219 973 3242 ι
986 3201 1033 3249 Per
1045 3203 1125 3250 toturn
1137 3200 1185 3250 hoc
1206 3201 1352 3264 proemium
1371 3200 1485 3264 agathias
1503 3201 1616 3266 allegoria
1635 3206 1745 3258 utitura

961 3271 1060 3320 Platone
1072 3270 1129 3321 inde
1141 3272 1282 3336 pervulgata
1301 3273 1375 3334 λόγων
1391 3271 1473 3336 ίράνον
1484 3275 1509 3323 et
1521 3274 1656 3336 ἑστιάσεων,
1673 3277 1744 3342 cujus

962 3341 1065 3390 convivii
1083 3343 1177 3406 singula
1190 3345 1333 3392 ornaruenta
1348 3343 1379 3392 ab
1393 3343 1507 3392 omnibus
1524 3343 1566 3393 illo
1578 3346 1688 3410 tempore
1703 3349 1745 3399 tlo-

960 3411 1070 3462 rcutibus
1080 3412 1161 3475 poetis
1174 3415 1307 3476 acceperat.
1320 3433 1331 3456 ν
1346 3412 1453 3464 Hector.
1464 3418 1518 3464 -6
1535 3416 1665 3478 ἑρυγκάνειν
1682 3419 1742 3470 cod.

960 3508 990 3526 ν-
998 3488 1012 3533 8
1019 3483 1041 3531 τί
1051 3485 1087 3532 δαί
1094 3488 1134 3533 νῦν
1143 3486 1271 3547 ποιήσομεν
1277 3500 1285 3546 5
1295 3485 1324 3533 τὰ
1335 3484 1406 3544 Cod.;
1415 3485 1439 3534 δὲ
1451 3485 1563 3546 Salmas.;
1573 3489 1666 3545 ποιήσω
1672 3506 1680 3548 ;
1694 3497 1744 3553 μῶν

960 3553 1101 3614 Jacohsius;
1124 3557 1232 3615 ποιήσω,
1247 3557 1279 3618 μὴ
1296 3554 1399 3605 Bothius
1422 3557 1495 3607 recte.
1509 3557 1643 3620 Ποιὴσομιν
1662 3559 1745 3613 invitis

961 3622 1082 3686 rhythmis
1100 3627 1186 3675 tenens
1206 3625 1379 3676 Boissonadius
1402 3630 1503 3678 annotat
1524 3647 1558 3675 z«
1580 3630 1744 3682 Numerorum

961 3697 1064 3746 mutatio
1072 3710 1121 3746 uon
1129 3695 1203 3746 hahet
1216 3697 1284 3760 quod
1296 3696 1424 3748 ostendere
1437 3697 1532 3748 dehent.
1540 3700 1658 3763 Exempla
1666 3704 1744 3754 multa

960 3768 1051 3830 protuli
1064 3767 1096 3818 ad
1105 3769 1219 3832 Diogenis
1229 3767 1350 3832 Epistulas
1363 3769 1388 3819 in
1400 3769 1486 3818 Notitt.
1501 3771 1560 3818 Mss.
1571 3772 1590 3819 t.
1608 3776 1644 3832 16,
1658 3787 1684 3835 p.
1698 3782 1743 3825 too

961 3841 985 3886 et
998 3837 1029 3886 ad
1042 3841 1100 3888 Eur.
1117 3842 1159 3888 Or.
1172 3843 1224 3889 111.
1240 3839 1309 3889 Adde
1322 3839 1438 3889 Rufinum
1454 3839 1517 3888 intra
1531 3842 1561 3899 V,
1575 3851 1613 3902 ep.
1625 3845 1667 3902 743
1679 3847 1744 3894 Pau-

960 3907 1012 3957 lum
1024 3909 1164 3973 su.1x,cp.
1176 3913 1230 3971 764,
1239 3916 1262 3968 23
1273 3908 1401 3973 Agathiam
1414 3909 1447 3960 ib.
1459 3909 1741 3970 incombustus.

960 3980 992 4039 11,
1007 3984 1037 4028 36
1048 3999 1054 4027 :
1064 3993 1112 4028 nco
1121 3991 1163 4027 ure
1175 3982 1300 4028 meruisse
1309 3981 1414 4042 negabo,
1424 3981 1485 4028 Non
1500 3978 1567 4030 odeo
1581 3985 1664 4030 nostro
1673 3983 1742 4047 [cpit

960 4050 993 4100 ob
1005 4063 1051 4100 ore
1062 4050 1157 4113 pudor.
1175 4070 1186 4092 ι
1200 4076 1233 4086 -
1243 4054 1270 4099 14
1283 4056 1333 4106 πῶς
1352 4048 1422 4109 cod,
1440 4067 1490 4106 πως
1509 4063 1591 4113 apogr.
1608 4055 1662 4102 Par.
1679 4075 1690 4096 «ι
1706 4059 1742 4106 De

960 4120 1056 4170 aurbun
1072 4120 1128 4170 loho
1140 4121 1264 4186 perforato
1276 4120 1393 4170 eruditior
1410 4109 1527 4168 hocloco
1541 4120 1588 4172 init
1602 4123 1742 4176 lluschlius

961 4189 1023 4252 (haec
1042 4193 1151 4239 tractans
1171 4190 1196 4238 in
1216 4187 1360 4252 anthologia
1375 4191 1405 4237 Η.
1418 4188 1449 4238 dc
1466 4187 1554 4239 Rosch.
1570 4193 1618 4240 vol.
1628 4195 1658 4254 V,
1668 4209 1692 4257 p.
1703 4199 1742 4247 71],

959 4261 1047 4323 sequ).
1059 4263 1121 4310 liam
1133 4259 1164 4310 de
1176 4259 1230 4323 ipso
1243 4258 1330 4308 auditu
1344 4258 1424 4322 agitur
1436 4259 1501 4309 etde
1511 4259 1593 4310 surdis
1602 4300 1608 4322 ,
1617 4262 1707 4325 quibus
1717 4267 1742 4316 iu

960 4345 1020 4382 cavo
1033 4331 1131 4380 aurium
1145 4331 1253 4380 toramen
1272 4329 1366 4379 nullum
1382 4331 1432 4392 est,
1442 4329 1546 4393 ideoque
1566 4331 1681 4384 audiendi
1694 4351 1741 4388 usu

960 4406 1050 4452 carent,
1064 4422 1075 4445 ιι
1087 4405 1118 4451 B.
1128 4401 1243 4457 imitatur
1256 4400 1452 4463 aristophanem,
1461 4405 1517 4450 Pac.
1527 4406 1598 4452 at-
1607 4407 1642 4454 to.
1652 4395 1695 4456 scii
1703 4423 1743 4456 κα-

960 4475 1144 4534 τεόλακευμένως
1157 4473 1215 4523 item
1224 4485 1252 4522 et
1262 4469 1422 4535 Aristophane
1431 4509 1437 4534 ,
1447 4472 1511 4523 Plut.
1523 4477 1577 4523 325.
1587 4479 1663 4526 -18,
1674 4497 1686 4520 α
1696 4480 1743 4528 Pro

961 4547 1075 4608 suspecto
1090 4545 1218 4608 ἐμμειριῖν,
1236 4543 1318 4592 forsan
1339 4544 1464 4606 ίκμιιριῖν,
1477 4557 1527 4605 quo
1542 4544 1611 4595 ducit
1625 4552 1744 4614 perpetua

960 4615 1159 4680 prepositionmn
1180 4615 1276 4665 illarum
1296 4615 1419 4664 contusio.
1430 4620 1508 4666 -16,
1520 4617 1611 4666 Forsan
1629 4621 1669 4667 καὶ
1687 4621 1743 4682 πρός

960 4704 986 4748 γε
997 4688 1080 4751 τούτῳ.
1095 4706 1107 4730 ν
1120 4689 1151 4737 B.
1166 4686 1240 4745 Quod
1259 4687 1339 4749 recepi
1352 4700 1395 4750 pro
1408 4691 1484 4736 τοῦτο.
1498 4686 1633 4737 111υι1νεεο
1651 4689 1672 4742 si
1685 4705 1743 4740 mu-

959 4757 1061 4809 uncum
1074 4761 1124 4820 est,
1143 4761 1171 4808 tu
1185 4764 1324 4821 supparetis
1341 4757 1424 4821 ponus
1443 4757 1530 4808 scribe.
1544 4785 1576 4794 —
1588 4765 1615 4808 31
1631 4760 1668 4809 ἐπ’
1683 4762 1741 4823 ἐμοῦ

959 4841 1042 4892 apogr.
1052 4832 1106 4879 Par.
1117 4831 1283 4890 Haecquoque
1296 4841 1325 4878 ex
1339 4826 1498 4891 aristophane
1511 4841 1636 4891 expressa,
1650 4832 1693 4893 Eq.
1711 4839 1740 4882 55

131 4901 295 4965 θισλωρίδας,
315 4897 419 4960 Φανίας,
444 4898 485 4946 καὶ
501 4899 726 4960 αιἰτδς“1ι1ελεάγρος.
751 4899 867 4961 Ἐγραψεν
890 4899 914 4948 δὲ
959 4904 1105 4962 κόρᾳ-32
1114 4898 1179 4948 ταῦτ’
1188 4898 1229 4948 οὖν
1241 4899 1393 4959 tiasensium
1407 4902 1473 4948 ταυτί
1484 4900 1525 4958 μὲν
1535 4898 1575 4948 οὖν
1587 4900 1675 4960 Codex3
1690 4915 1742 4965 quo

130 4977 170 5022 τόν
181 4973 298 5032 Στέφανον
305 4971 363 5030 πρὸς
372 4969 480 5017 Διοκλέα.
495 4995 526 5004 -
538 4971 604 5028 Ζήτει
613 4971 655 5027 τήν
666 4971 733 5018 πόλιν
745 4971 881 5034 Μελεάγρου
891 4972 914 5019 tv
960 4971 1043 5020 relicto
1060 4969 1161 5019 Salmas.
1180 4976 1269 5033 σοφῶν,
1288 4968 1417 5019 Jacobsius
1436 4985 1483 5030 τις,
1501 4970 1565 5029 οἶδα,
1585 4975 1631 5018 τῶν
1651 4976 1741 5033 σοφῶν,

129 5047 165 5103 τῷ
183 5041 293 5102 Στεφάνῳ
308 5037 419 5102 (scilicet
429 5051 483 5101 cap.
499 5041 557 5100 vll,
574 5043 629 5100 417,
643 5043 703 5101 416,
717 5044 789 5101 419).
813 5042 914 5104 rainer.-
960 5059 971 5082 ι
987 5054 1034 5090 non
1047 5040 1100 5090 siue
1112 5040 1249 5091 temeritate
1260 5039 1373 5102 »giudice
1382 5039 1470 5101 Boias,
1481 5043 1506 5089 ot
1518 5039 1607 5090 delerit
1618 5041 1671 5104 ipse
1686 5045 1738 5094 tac.

128 5113 167 5168 νὸς
181 5111 270 5172 ᾖν,ὠς
283 5111 371 5166 ἐντοῖς
392 5109 519 5172 ἔμπροσθεν
533 5110 601 5166 αὐτὸς
615 5114 698 5160 ἑαυτοῦ
714 5111 767 5170 (sie
780 5122 872 5174 apogr.;
888 5111 913 5159 in
958 5110 983 5160 in
999 5113 1060 5160 nott.
1079 5123 1138 5160 mse.
1156 5112 1191 5160 Τά
1206 5112 1246 5173 μὲν
1261 5111 1301 5160 οὖν
1314 5111 1359 5173 ἐρεῖ
1378 5128 1411 5167 τις
1424 5111 1469 5159 ὦδε
1484 5107 1549 5172 (heb,
1562 5112 1680 5173 Byzantii)
1692 5119 1740 5165 τῶν

129 5181 204 5240 Cod„
217 5184 246 5232 ut
261 5179 369 5240 videtur,
379 5179 477 5243 ἑαυτὸν)
493 5180 670 5244 ἐμνημόνευσεν.
680 5181 804 5242 Ἤκμασεν
818 5181 856 5232 ἐπὶ
873 5183 913 5231 Σι·
958 5182 1098 5242 σοφωτάτων
1120 5181 1221 5230 ileclter.
1232 5187 1301 5233 -38
1316 5181 1403 5244 ε1σάγω
1421 5179 1558 5244 lleclterus3
1574 5182 1648 5246 ἐξάγω
1667 5184 1741 5246 θοάς

128 5253 214 5302 λεύκαν
220 5258 261 5302 τοῦ
276 5251 388 5315 ἐσχάτου.
959 5253 1031 5316 ἐξαρῶ
1040 5250 1136 5301 Jacobs.
1152 5253 1176 5301 et
1189 5251 1248 5312 alii.¹
