3946 5952
619 369 784 430 JACOlel
804 368 1091 432 PROLEGOMENA
1113 369 1316 430 BREVIORA.

170 500 254 577 pictae
273 499 387 569 aliusve
398 497 503 557 similis
519 500 617 577 operis
639 500 805 578 prestantia
828 499 864 558 ad
885 500 949 559 lau·
993 500 1054 558 bac
1068 501 1231 579 principem
1248 501 1342 559 locum
1368 514 1443 559 tenet
1468 502 1541 561 illud
1559 522 1664 578 genus,
1690 505 1768 582 quod

170 585 235 644 dem
257 584 322 662 ejus
333 585 517 662 auctorisque
532 586 660 644 excitare
683 585 822 646 debebat!
841 589 873 648 ln
887 607 949 646 mo·
994 606 1090 646 rerum
1102 606 1118 644 a
1131 587 1244 665 poetica
1255 588 1427 646 tractatione
1439 589 1654 665 quodammodo
1667 591 1770 650 abbor-

170 673 318 732 nnmentis
342 685 437 731 autem
463 672 674 750 sepulcralibus
696 687 768 751 quot
791 689 819 733 et
842 665 949 753 quanta
994 674 1119 732 rentium
1131 675 1217 752 eique
1230 675 1429 749 renitentium,
1444 677 1701 754 instrumentorum
1717 699 1769 757 po·

169 761 278 819 fuerint
292 759 328 818 ad
339 759 476 818 commoti
488 761 613 838 pectoris
624 779 724 821 sensus
738 763 948 840 expromendas
995 763 1137 822 tissimum
1162 764 1258 822 omnis
1280 764 1394 839 generis
1415 765 1529 822 curiosa
1552 769 1770 826 enumeratione

169 847 376 919 invitamenta,
402 846 473 922 quid
494 849 596 906 attinet
613 848 725 907 dicere?
749 849 819 919 Quae
848 851 948 928 ornnia
993 853 1158 910 continetur
1169 865 1208 926 et,
1225 851 1293 909 licet
1312 870 1389 910 vera·
1407 854 1505 930 poesis
1528 866 1577 911 aut
1597 874 1700 932 parum
1721 869 1769 913 arrt

169 949 235 992 sunt
262 935 427 1013 ejusmodi,
454 948 487 994 ut
510 949 613 1014 sponte
638 951 774 1015 appareat
802 938 947 1014 quomodo
992 939 1065 996 nibil
1091 939 1209 1010 habeat,
1234 939 1393 998 artificiosa
1419 953 1511 998 tamen
1535 942 1768 1001 tenuissimarum

162 1025 274 1081 factum
288 1023 327 1081 sit
340 1036 373 1082 ut
386 1023 554 1100 ἐπίγραμμα,
570 1024 649 1100 quod
669 1024 777 1082 anuda
796 1029 944 1083 nominum

1711 373 1770 452 xvij

169 1111 444 1172 commemoratione
454 1123 597 1188 coeperat,
611 1112 680 1170 satis
697 1124 808 1170 mature
827 1126 948 1188 angusta

168 1198 275 1276 quibus
287 1196 492 1256 continebatur
505 1198 629 1257 claustra
644 1216 833 1276 perrumpere
852 1217 900 1274 ges
906 1199 947 1256 ti-

169 1300 212 1345 ret
225 1300 269 1356 et,
285 1285 474 1363 quantumvis
497 1286 615 1361 exiguis
638 1284 745 1344 finibus
761 1287 947 1345 circumscri-

168 1389 266 1452 ptum,
282 1375 317 1431 ad
339 1374 481 1451 poematis
496 1387 592 1431 tamen
616 1373 729 1430 laudem
756 1387 784 1430 et
808 1375 944 1433 virtutem

168 1462 338 1540 adspiraret.

209 1549 267 1606 Diu
282 1560 377 1606 tannen
400 1548 431 1605 in
448 1547 503 1606 hoc
523 1565 627 1625 genere
649 1547 762 1625 priscus
785 1548 836 1606 ille
855 1551 946 1626 color,

168 1635 265 1712 prisca
281 1634 454 1712 simplicitas
465 1635 604 1704 obtiniut,
620 1635 659 1692 ita
673 1646 703 1692 ut
717 1635 824 1712 poetici
839 1637 946 1695 coloris

167 1723 279 1781 lumina
303 1723 330 1780 ei
346 1723 463 1781 nonnisi
478 1741 591 1780 summa
604 1741 669 1778 cum
688 1724 877 1799 temperantia
892 1724 943 1780 ad-

166 1809 347 1867 hiberentur.
393 1808 484 1885 ldque
499 1828 557 1866 non
571 1827 658 1866 unam
675 1807 714 1866 ob
731 1827 855 1867 causam.
874 1812 945 1888 Loci

165 1899 244 1956 enim
261 1898 309 1954 cni
324 1896 465 1955 destinata
480 1897 594 1953 fuerant
607 1895 828 1968 epigrammata,
846 1897 920 1952 ratio
936 1917 943 1954 ε

165 1985 247 2044 basis
270 1997 370 2042 statuae
393 1983 552 2058 angustior,
579 1981 658 2058 cippi
681 1999 748 2038 area
768 2001 825 2038 non
846 1981 944 2040 admo·

167 2074 239 2130 ‹lum
255 2071 389 2150 spatiosa,
401 2089 499 2145 margo
511 2068 639 2138 donarii,
650 2068 769 2126 effusam
783 2072 944 2128 orationem

169 2159 248 2216 intra
267 2171 359 2215 arctos
380 2157 448 2214 fines
463 2152 635 2224 cohibebam
652 2174 800 2231 quumque
821 2157 885 2234 ipsa
899 2177 945 2217 res

167 2245 331 2321 postularet
358 2256 405 2314 ut,
432 2261 490 2320 qua
511 2241 547 2299 de
561 2261 647 2299 causa
672 2242 851 2319 epigramma
872 2257 946 2302 esset

165 2332 312 2406 additum,
327 2331 389 2388 sine
406 2349 485 2388 mora
500 2329 722 2404 intelligeretur,
737 2350 801 2388 cum
824 2331 878 2389 hoc
899 2333 944 2410 ip-

164 2439 240 2494 sum,
259 2433 320 2477 tum
333 2419 382 2496 pia
400 2418 514 2476 donarii
531 2429 579 2475 aut
600 2417 778 2476 monumenti
795 2419 947 2497 epigram-

166 2519 240 2564 mate
256 2505 382 2564 ornandi
397 2505 549 2563 destinatio
565 2517 593 2562 et
607 2504 777 2562 brevitatem
799 2526 944 2565 commen-

164 2593 251 2651 dabat
263 2607 292 2651 et
308 2591 496 2650 ambitiosum
516 2605 661 2663 ornatum,
685 2605 716 2649 ut
730 2613 745 2649 a
760 2611 791 2650 re
806 2593 943 2666 alienum,

163 2680 353 2760 praecidebat.
383 2685 487 2737 Verum
513 2699 548 2737 ex
571 2679 774 2755 antiquissimo
802 2680 856 2739 boc
881 2683 944 2760 epi-

163 2783 356 2844 grammatum
387 2787 516 2846 genere,
536 2765 614 2841 quod
644 2779 733 2824 totum
758 2768 900 2845 pendebat
927 2790 944 2827 a

167 2856 256 2916 rebus
272 2876 338 2933 quae
361 2857 388 2913 ei
403 2856 546 2930 originem
562 2873 735 2930 causamque
750 2855 942 2932 prebuerant,

165 2946 317 3022 aliquanto
332 2956 398 3021 post
411 2943 489 3001 aliud
504 2956 547 3000 est
561 2955 693 3000 exortum
709 2961 810 3017 genus,
827 2944 945 3000 matoria

164 3033 239 3090 illud
254 3052 270 3089 a
284 3031 383 3108 priore
398 3051 456 3088 non
471 3031 637 3100 diversum,
653 3031 744 3088 forma
754 3030 830 3088 baud
846 3032 944 3108 paullo

164 3121 296 3178 liberius.
314 3118 475 3195 Coeperunt
486 3118 563 3175 enim
579 3118 713 3175 nonnulli
727 3117 763 3175 ad
783 3118 942 3195 priscarum

992 1046 1089 1086 rerum
1104 1028 1295 1106 descriptione
1309 1030 1510 1106 sermonisque
1525 1030 1560 1087 ad
1576 1030 1641 1088 illas
1657 1049 1703 1089 res
1718 1051 1767 1088 or·

992 1115 1101 1174 nandas
1116 1117 1229 1192 egregie
1255 1115 1426 1175 conformati
1449 1117 1562 1174 delectu
1583 1120 1696 1194 placere
1710 1137 1769 1194 po-

992 1215 1054 1262 tesi.

1030 1288 1094 1347 lam
1110 1308 1180 1346 vero
1194 1289 1262 1348 huic
1273 1309 1393 1367 poeseos
1404 1291 1502 1366 generi
1512 1287 1647 1365 par'odtas
1658 1305 1769 1351 mature

991 1377 1155 1452 adhaesisse,
1169 1391 1196 1434 et
1212 1377 1269 1434 lere
1280 1379 1365 1436 simul
1388 1398 1452 1436 cum
1463 1397 1498 1435 eo
1510 1380 1588 1436 natis
1601 1398 1671 1450 esse,
1684 1399 1769 1439 nemo

993 1465 1146 1521 mirabitur
1181 1463 1232 1538 qui
1256 1463 1424 1522 Graecorum
1458 1465 1606 1538 ingenium
1636 1467 1768 1537 noverit,

993 1569 1133 1626 quorum,
1164 1563 1196 1607 ut
1221 1551 1374 1609 verissime
1406 1549 1573 1608 observavit
1597 1551 1768 1611 Welclrerus

992 1635 1040 1714 (in
1081 1635 1204 1696 eruditis
1245 1636 1281 1693 ad
1312 1635 1508 1712 'l'lreognidem
1549 1636 1768 1712 prolegomenis

988 1703 1020 1800 p.
1038 1721 1168 1796 LXXX),
1201 1723 1338 1781 universa
1357 1723 1418 1780 vita
1438 1742 1643 1800 sermonesque
1667 1744 1767 1783 omnes

991 1810 1183 1884 atqueornnia
1195 1809 1332 1866 convivia
1346 1809 1533 1888 parodiarum
1548 1810 1661 1868 lusibus
1675 1815 1766 1869 abun·

990 1895 1107 1953 dabant.
1127 1895 1201 1952 llinc
1215 1908 1401 1954 exortumest
1421 1914 1510 1970 genus
1524 1897 1764 1972 epigrammatum

990 1987 1156 2054 excruciabit,
1171 1983 1250 2060 quod
1266 1975 1467 2056 serioreaevo,
1484 2004 1660 2062 quamquam
1681 1988 1765 2046 etiam

990 2071 1166 2148 antiquitus,
1182 2071 1232 2128 sed
1247 2071 1357 2128 seriore
1371 2071 1507 2148 inprimis
1524 2091 1602 2148 aevo,
1624 2074 1644 2131 i.
1659 2092 1685 2133 e.
1699 2089 1766 2150 post

990 2179 1077 2217 arram
1095 2158 1293 2229 christianam,
1305 2158 1345 2216 ita
1359 2158 1567 2236 frequentatum
1584 2173 1669 2238 atque
1683 2180 1765 2220 exor-

991 2259 1089 2303 natum
1110 2259 1161 2318 est,
1188 2258 1219 2302 ut
1240 2257 1269 2302 ct
1288 2243 1357 2301 olim
1381 2257 1408 2301 et
1431 2245 1518 2303 hodie
1541 2267 1658 2324 quoquc
1682 2249 1769 2325 longe

990 2332 1125 2409 plurimi,
1145 2352 1234 2409 quum
1261 2331 1475 2409 epigrammatis
1502 2335 1676 2391 mentionem
1704 2335 1767 2393 fieri

990 2419 1124 2492 videant,
1147 2419 1285 2478 continuo
1306 2418 1418 2495 aliquid
1432 2418 1510 2495 quod
1528 2419 1619 2477 risum
1634 2434 1764 2496 moveat,

990 2508 1063 2567 sales
1076 2520 1104 2565 et
1119 2507 1257 2576 dicteria,
1271 2506 1329 2564 sibi
1345 2507 1442 2564 aninro
1458 2506 1578 2582 fingant.

1029 2595 1078 2653 Est
1092 2607 1185 2652 autem
1197 2593 1277 2653 atiud
1291 2606 1430 2670 praeterea
1445 2611 1552 2668 genus,
1568 2612 1584 2650 a
1600 2594 1767 2670 praecedon-

989 2682 1068 2742 tibus
1082 2683 1251 2752 diversum,
1264 2683 1315 2738 sed
1329 2700 1346 2738 a
1363 2678 1512 2738 veteribus
1526 2679 1655 2738 studiose
1668 2683 1766 2740 excul-

990 2783 1070 2839 tum,
1086 2769 1165 2847 quod
1185 2768 1313 2825 medium
1332 2766 1548 2844 quodammodo
1563 2779 1606 2824 est
1626 2767 1703 2826 inter
1714 2769 1768 2827 ele·

990 2857 1066 2933 giam
1082 2868 1110 2912 et
1130 2859 1309 2933 epigramma
1332 2851 1524 2924 incisurum,
1546 2854 1645 2929 elegias
1671 2867 1765 2914 tamen

990 2945 1160 3021 plerumque
1181 2943 1317 3002 vicinius.
1333 2939 1581 3011 Quemadmodum
1597 2943 1673 3000 enim
1689 2943 1765 3002 inter

989 3031 1154 3102 breviores,
1168 3044 1199 3088 ut
1209 3030 1263 3088 hoc
1275 3044 1350 3104 utar,
1363 3029 1509 3107 Propertii
1517 3029 1622 3104 elegias
1634 3031 1763 3107 quaedam

991 3119 1176 3196 reperiuntur
1198 3137 1261 3194 quae
1284 3115 1321 3174 ob
1336 3127 1421 3173 totam
1437 3115 1617 3190 singularum
1639 3118 1766 3192 partium

167 3207 286 3264 illarum
307 3207 529 3282 inscriptionum
553 3205 774 3263 similitudinem
798 3206 944 3284 epigram·
990 3204 1265 3275 conformationem,
1298 3215 1326 3260 et
1356 3202 1492 3280 inprimis
1525 3201 1563 3258 ob
1590 3202 1766 3262 viridiorem

166 3307 243 3351 mata
261 3293 404 3364 scribere,
425 3313 485 3350 non
505 3293 559 3350 hoc
579 3293 702 3350 consilio
724 3305 756 3351 ut
777 3291 943 3369 ἀναθήμασιν
989 3293 1097 3352 exitum
1114 3291 1196 3349 facilc
1208 3288 1424 3367 epigrammatis
1434 3289 1619 3346 mnumerari
1634 3290 1764 3366 possint,

165 3401 199 3439 ea
214 3377 264 3440 abt
276 3381 471 3441 monumentis
486 3393 534 3437 aut
547 3380 618 3438 artis
632 3379 769 3457 operibus
783 3399 943 3438 accommo-
989 3383 1028 3437 ita
1044 3379 1119 3436 inter
1137 3377 1283 3452 poematia
1305 3395 1370 3452 quae
1392 3375 1423 3432 in
1444 3374 1607 3451 Florilegiis
1623 3375 1768 3453 epigram-

164 3471 286 3542 darent,
302 3469 352 3527 sed
362 3483 393 3527 ut
404 3472 436 3526 in
451 3466 500 3524 tali
515 3479 703 3542 argumento,
718 3468 797 3545 quod
811 3467 943 3544 ipsorum
990 3480 1097 3525 matum
1110 3466 1258 3542 leguntur,
1273 3463 1413 3523 amatoria
1431 3462 1583 3541 inprimis,
1599 3465 1766 3524 convivalia

164 3558 281 3615 animos
293 3557 330 3614 ad
349 3575 378 3614 se
399 3555 587 3626 advertisset,
604 3555 732 3612 suaviter
752 3568 780 3613 et
798 3556 945 3632 ingeniose
990 3567 1018 3612 et
1038 3553 1227 3623 sententiosa,
1251 3549 1328 3609 baud
1349 3569 1439 3628 pauca
1458 3549 1601 3608 habentur
1622 3567 1695 3628 quae·
1710 3573 1765 3632 pro

165 3644 311 3703 luderent.
337 3643 371 3701 ln
391 3641 536 3721 ejusmodi
561 3642 674 3702 lusibus
699 3643 784 3702 sicuti
806 3644 944 3721 princeps
989 3642 1090 3718 elegiis
1111 3639 1218 3722 habere
1237 3651 1266 3697 et
1288 3659 1355 3696 cum
1379 3638 1543 3696 Mimnermi
1566 3638 1690 3715 alicujus
1715 3654 1764 3699 aut

165 3746 194 3792 et
207 3733 336 3810 genuina
352 3730 568 3810 epigrammatis
593 3731 685 3788 forma
708 3731 818 3790 servari
833 3730 942 3803 debuit,
989 3727 1106 3785 Solonis
1127 3738 1156 3782 et
1170 3724 1354 3800 Theognidis
1378 3723 1497 3802 ἐλεγείοις
1516 3723 1667 3782 commode
1688 3745 1764 3784 con-

166 3822 210 3880 sic
223 3840 241 3878 a
255 3821 355 3899 prisco
369 3832 398 3878 et
410 3819 537 3894 simplici
549 3818 688 3877 orationis
698 3838 801 3894 genere
815 3838 945 3879 necessa·
986 3813 1111 3892 jungere
1123 3813 1228 3892 possis.
1274 3815 1308 3871 lit
1320 3811 1408 3889 liujus
1421 3813 1537 3887 quidem
1550 3814 1664 3888 generis
1678 3813 1768 3890 louge

166 3911 212 3967 rio
228 3908 421 3968 recedendum
435 3908 500 3967 fuit.
535 3907 568 3964 ln
580 3906 687 3966 talibus
699 3907 789 3982 igitur
801 3907 944 3985 epigram·
990 3904 1134 3961 maximus
1147 3921 1184 3958 ex
1201 3902 1281 3958 omni
1297 3900 1356 3958 fere
1370 3913 1451 3958 aetate
1465 3918 1601 3958 numerus
1618 3900 1653 3958 ad
1668 3914 1768 3963 nostra

166 3997 254 4055 matis
268 4015 358 4072 (quum
372 3993 491 4053 uberior
510 3995 553 4052 rei
576 3995 733 4072 expositio,
754 3995 882 4053 narratio
894 4014 944 4054 ex·
991 3991 1131 4068 temporis
1144 4002 1275 4049 servatus
1298 4000 1355 4062 est;
1377 3989 1408 4046 in
1430 4009 1488 4066 quo
1509 3988 1636 4065 plurima
1650 4002 1716 4047 sunt
1738 4004 1766 4047 et

165 4084 315 4160 plicatior,
331 4085 424 4141 oratio
437 4081 571 4140 floridior
585 4081 680 4139 locum
699 4079 828 4154 baberet,
850 4094 944 4140 ortum
992 4077 1174 4137 inventionis
1197 4075 1281 4134 laude
1302 4079 1475 4152 conspicua,
1499 4088 1527 4132 et
1548 4075 1688 4132 orationis
1708 4077 1769 4134 ele-

166 4187 209 4234 est
222 4173 297 4231 illud
313 4191 404 4248 genus
416 4172 509 4248 quod,
525 4190 614 4247 quum
637 4170 833 4244 ἀναθηματικὸν
859 4171 946 4229 vellet
992 4167 1090 4242 gantia
1104 4163 1357 4243 praestantissima,
1380 4163 1489 4239 quibus
1507 4161 1621 4238 jactura
1636 4181 1721 4237 quam
1735 4167 1765 4221 iu

165 4260 277 4331 videri,
296 4277 399 4317 revera
411 4257 583 4318 ἐπιδεικτικὸν
600 4258 664 4329 fuit.
682 4260 756 4316 Huic
772 4259 882 4335 generi,
899 4260 945 4317 cui
991 4255 1127 4331 elegiacis
1151 4252 1255 4329 optimi
1279 4252 1334 4308 aevi
1357 4251 1450 4329 poetis
1474 4252 1607 4321 lecimus,
1624 4250 1765 4326 quodam-

163 4347 225 4424 jam
239 4344 407 4405 Simonides
421 4345 536 4404 videtur
558 4345 737 4422 praelusisse,
754 4346 875 4423 plurimi
894 4365 944 4404 na·
992 4342 1076 4400 modo
1085 4340 1250 4410 resarcitur,
1259 4338 1348 4414 idque
1355 4358 1390 4396 eo
1401 4339 1500 4416 magis,
1511 4357 1569 4415 quo
1577 4337 1773 4400 verisimilius

165 4446 272 4492 verunt
285 4452 415 4511 operam.
445 4433 481 4491 Et
493 4452 581 4510 quum
598 4446 663 4510 post
675 4431 832 4490 Alexandri
847 4433 944 4508 Magni
991 4443 1033 4488 est
1045 4429 1120 4487 baud
1136 4446 1228 4506 pauca
1243 4427 1273 4484 in
1293 4426 1330 4484 iis
1343 4446 1380 4484 ex
1396 4424 1610 4503 limpidissimis
1625 4428 1765 4486 vetustio-

166 4522 333 4599 imperium‚
359 4520 446 4579 rebus
459 4539 512 4598 per
526 4533 612 4579 totam
635 4519 776 4577 Graeciam
790 4519 946 4578 vehemen-
992 4537 1057 4576 rum
1071 4516 1265 4592 elegiacorum
1289 4512 1420 4572 fontibus
1441 4513 1563 4572 deducta
1586 4526 1614 4571 et
1638 4511 1769 4574 derivatn

170 4620 214 4666 ter
234 4608 410 4676 immutatis,
438 4607 535 4684 poesis
551 4626 667 4684 quoque
689 4625 792 4664 novam
808 4607 946 4682 quodam·
991 4623 1064 4664 esse.

167 4694 256 4753 modo
270 4697 395 4774 speciem
411 4713 579 4772 novumque
593 4694 702 4753 cultum
713 4694 896 4772 sumpsisset,
914 4695 945 4752 in
1034 4691 1098 4750 Jam
1112 4688 1313 4769 reputantibus
1327 4687 1413 4748 nobis
1433 4701 1540 4766 quanta
1557 4689 1643 4747 fuerit
1654 4709 1707 4768 per
1723 4702 1768 4748 to·

167 4800 227 4860 quo
239 4783 434 4860 simplicitatis
446 4782 575 4860 quadam
586 4781 729 4840 affectatio
744 4801 808 4840 cum
824 4800 946 4860 operosa
993 4793 1049 4839 tam
1066 4779 1209 4838 Graeciam
1220 4777 1257 4836 ab
1271 4777 1474 4854 antiquissima
1484 4790 1566 4846 aetate
1578 4774 1765 4854 publicorum

166 4869 336 4929 eruditione
349 4869 505 4946 conjuncta
519 4884 592 4940 erat,
614 4869 655 4927 ita
675 4881 707 4927 ut
722 4869 807 4927 multi
833 4869 947 4929 curiose
992 4868 1233 4946 privatorumque
1251 4867 1345 4923 omnis
1375 4867 1489 4942 generis
1512 4875 1767 4922 monumentorum

166 4957 286 5014 mallent
308 4956 388 5032 loqui
403 4975 487 5033 quam
511 4955 598 5029 bene,
614 4969 766 5034 coeperunt
779 4953 868 5013 scribi
886 4957 947 5034 epi·
994 4956 1087 5034 copia,
1098 4953 1228 5032 equibus
1239 4954 1367 5032 plurima
1377 4948 1617 5031 inscriptionibus
1627 4949 1773 5008 instructa

166 5056 328 5120 grammata
349 5063 415 5121 quae
441 5044 522 5102 nulla
550 5063 582 5102 re
610 5045 701 5120 magis
725 5064 812 5120 quam
833 5059 894 5102 arte
921 5057 949 5102 et
994 5042 1084 5102 fuisse
1104 5053 1234 5113 constat,
1262 5039 1391 5099 dubitari
1414 5058 1472 5097 non
1495 5047 1590 5114 potest
1614 5054 1774 5096 numerum

164 5129 304 5190 doctrina
316 5130 449 5208 conspici
470 5144 499 5189 et
508 5130 704 5190 commendari
719 5131 836 5189 vellent.
866 5130 948 5188 luter
994 5129 1234 5209 epigrammatum
1248 5127 1379 5188 versibus
1387 5138 1593 5204 conceptorum
1609 5143 1668 5183 non
1682 5124 1778 5184 luisse·
