3938 5950
241 405 302 466 :tat
817 413 1072 477 inmolatum
1093 413 1296 476 PALATINAE

281 536 450 648 dapqiruara
465 539 549 599 Νότου
565 539 677 599 λαίλαπι
691 544 824 624 χειμιρίῃ.

239 619 357 730 'iipq'
322 648 373 703 γαρ
389 648 418 684 σι
433 623 545 698 πέδησεν
560 627 694 709 ἀνέγγυος·
706 632 772 712 ίιγρᾶ
788 633 875 706 dit-iu
889 635 938 708 σὴν

279 711 368 788 κύματ
367 711 432 792 ’'tp
443 713 551 793 ἱμερτὴν
566 714 676 776 ἔκλασεν
692 719 808 793 ἡλικίην.

484 874 553 926 264.
577 867 778 931 ΛῙὮΝΙΔΟΥ.

241 1009 291 1086 Etr
305 1014 459 1120 ποντοπόριμ
473 1017 596 1085 πλόος
567 1042 596 1076 ου
600 1043 665 1100 ρ·ιος
659 1020 744 1080 ·ὃνδ’
759 1021 801 1101 ἄρ’
813 1022 913 1101 ἀήτης,

277 1106 312 1170 ὥς
326 1102 438 1180 ipsi,
398 1128 450 1172 τοις
463 1104 552 1165 Ἀίδεω
566 1043 737 1190 epiousioiop
749 1110 863 1186 λιμέσιν,

239 1189 381 1269 μεμρίσθω
393 1191 430 1267 μὴ
442 1196 541 1271 λαῖτμα
558 1196 704 1270 arcadicum,
715 1200 772 1257 ἀλλ’
788 1197 815 1258 ἕο
827 1201 941 1277 τόλμαν,

278 1277 349 1345 ὅστις
361 1280 405 1359 ἄρ’
418 1281 546 1361 ἡμετέρου
560 1282 684 1362 πείσματ’
695 1285 874 1366 ἔλοσε’τοιρου.

473 1432 540 1484 265.
567 1426 783 1486 ΠΛΑΤΩΝΟΣ.

238 1559 363 1638 Naue-sod
378 1559 458 1640 πάρος
471 1563 527 1639 εἰμί
534 1586 541 1600 ·
554 1567 568 1621 d
583 1565 605 1622 δ’
618 1564 705 1623 ιἰντίον
721 1567 776 1623 ἐστὶ
788 1571 917 1645 γεωργοῦ·

277 1649 312 1714 ὡς
326 1646 369 1706 ἁλὶ
381 1649 427 1707 καί
441 1651 503 1728 γαίῃ
520 1649 589 1719 ξυνὸς
606 1650 695 1710 doarr'
712 1648 807 1728 Ἀίδης.

487 1815 557 1867 266.
573 1808 774 1868 umuluor.

238 1946 362 2026 Νανηγοῦ
377 1935 457 2027 τάφος
471 1947 526 2024 cipi
540 1947 676 2017 Διοκλίος·
692 1951 716 2009 οἱ
731 1951 754 2009 δ’
770 1950 927 2030 ἀνάγονται,

276 2038 324 2112 pai
337 2033 437 2110 τόλμης
450 2037 457 2095 Ι
474 2038 520 2094 ἀπ’
534 2038 597 2108 ἐμοῦ
612 2037 747 2114 πείσματα
761 2039 915 2116 λυσάμενοι.

446 2194 513 2246 267.
536 2188 810 2249 ΠΟΣΕΙΔΙΠΠΟΥ.

238 2322 379 2397 Ναυτίλοι,
395 2324 471 2405 ίγγίις
483 2325 544 2394 ἁλὸς
558 2327 585 2386 τί
599 2328 875 2405 praeposteratio
891 2331 979 2392 ἄνευθε

276 2415 364 2490 χῶσαι
377 2435 492 2491 ναυηγοο
475 2415 626 2492 τλημονα
641 2415 740 2493 τύμάον
756 2417 816 2478 idat.

238 2495 395 2575 Φρίσσω’
364 2522 481 2577 κυματος
496 2494 602 2580 ἦχον,
583 2503 694 2564 iudai
659 2507 709 2583 μόρ
712 2527 749 2564 ον.
762 2505 840 2566 'llll
853 2507 898 2567 atei
912 2509 994 2576 οὕτως

276 2587 398 2665 χαίριτε,
414 2587 533 2661 Νικητην
548 2586 639 2656 uirtute
653 2591 789 2671 οίιιτίρετε.

465 2746 534 2797 268.
556 2739 774 2800 ΠΛΑἹὩΝΟΣ.

236 2882 360 2960 Νανηγίι
375 2908 408 2963 pa
423 2885 481 2945 δι’δο
468 2910 558 2994 opace·
551 2888 599 2946 ·δν
611 2890 762 2970 οἰκτείρασα
774 2893 894 2952 θάλασσα

275 2975 411 3050 γυμνῶσαι
422 2978 544 3052 πυμάταν
559 2978 653 3057 φάρεος
666 2978 795 3058 ᾐδέσατο,

236 3059 369 3140 ἄνθρωπος
384 3063 538 3172 παλάμῃσιν
552 3067 602 3124 ἄτα
605 3065 752 3146 ρὸήτοις’
724 3092 744 3144 μ
767 3068 894 3142 ιἰπίδυσε,

275 3149 367 3210 τόσσον
381 3149 486 3228 άγος’
456 3173 551 3212 τοσσου
566 3152 597 3212 ai
598 3155 669 3232 piso<
681 3157 820 3234 ἀράμενος.

238 3240 315 3298 Kaira
328 3238 373 3297 καὶ
386 3239 538 3318 iudicatae,
555 3177 611 3302 καίρ
614 3245 649 3310 είς
664 3239 749 3304 Ἀίδαο
763 3245 879 3326 φέροιτο,

275 3326 322 3387 καί
333 3352 379 3406 μιν
390 3327 440 3389 idos
452 3331 541 3398 Μίνως
552 3331 675 3409 τούμὸν
660 3356 680 3390 ε
673 3357 753 3412 γοντα
770 3335 858 3414 ῥάκος.

493 3494 554 3544 269.
575 3496 633 3542 ΤΟΥ
655 3496 762 3545 ΑΥΤΟΥ.

236 3629 388 3705 Πλωτῆρες,
402 3628 526 3696 critolaus
538 3652 582 3688 και
573 3630 634 3687 εἶν
649 3630 692 3688 ἁλὶ
707 3629 751 3688 καί
767 3630 835 3688 κατὰ
850 3640 937 3709 γαῖαν·

268 3871 372 3935 Mortis,
385 3887 453 3922 amur
465 3873 562 3938 patriae,
577 3889 664 3936 caum,
677 3875 828 3927 Cleenoride.

236 3954 374 4006 interclusit
383 3953 466 4022 hyems
480 3964 503 4006 te
516 3955 617 4023 perlida,
629 3973 718 4024 terque
731 3959 836 4024 juventae

268 4040 386 4091 Abalersit
398 4040 475 4108 pelagi
487 4040 555 4091 triste
569 4040 670 4092 terentis
679 4058 750 4108 aqua.

535 4170 592 4226 adt.
612 4186 731 4220 crusina.

233 4293 268 4343 Sit
282 4301 360 4342 nautae
370 4291 426 4342 ielis
442 4301 500 4360 opto
514 4293 569 4355 τίοι
583 4292 603 4343 si
617 4302 696 4344 tamen
704 4331 712 4357 ,
725 4301 753 4343 ut
766 4310 820 4356 me,

267 4375 304 4424 ltd
316 4375 408 4440 Stygios
422 4384 506 4441 portua
518 4374 583 4425 hunc
597 4391 692 4442 qnoque
705 4385 789 4426 tentus
804 4387 872 4441 agat,

234 4461 338 4520 Equora
348 4472 380 4505 ne
392 4457 496 4506 moriens
507 4456 599 4506 incuset
612 4455 731 4524 inhospita
742 4493 749 4519 ,
759 4457 800 4507 sed
811 4474 851 4519 se,

234 4589 240 4596 ,
266 4543 343 4588 Ausus
354 4539 384 4588 ab
396 4539 443 4588 hoc
456 4542 548 4591 tumulo
557 4541 649 4590 solvere
659 4540 735 4592 vinela
752 4541 819 4592 ratis.

521 4675 578 4722 265.
597 4689 722 4725 acaronis.

233 4806 366 4872 Naufragus
377 4805 418 4857 hic
429 4807 511 4872 jaceo,
527 4816 612 4858 contra
622 4807 687 4875 jacet
699 4823 754 4858 ecce
766 4810 873 4861 colonus.

266 4892 304 4942 Sic
315 4894 393 4942 Orcus
404 4889 545 4941 terrisonus
556 4891 671 4958 aquisque
682 4891 772 4943 subest.

523 5009 579 5058 266.
600 5024 722 5058 unsina.

232 5136 365 5202 Naufragus
377 5134 417 5186 hic
426 5135 496 5202 jaceo
508 5135 609 5186 Diocles.
645 5134 751 5186 Audacia
764 5145 852 5202 quanta
871 5139 925 5188 est?

267 5221 308 5267 ist
324 5218 381 5269 irinc
395 5234 447 5285 quaa
461 5218 594 5286 capiatper
607 5217 752 5268 macenaria
767 5216 824 5270 iter.

1040 561 1044 616 t
1098 553 1213 605 fidentem
1222 555 1278 606 Noti
1291 555 1402 618 procelle
1416 554 1532 606 hibernae

1066 645 1173 706 Tempus
1187 641 1251 693 enim
1264 645 1290 694 te
1301 642 1428 706 impedivit
1443 643 1555 705 infidum,
1568 646 1594 694 et
1607 643 1650 694 udi
1662 645 1730 695 tuam

1098 734 1189 783 tluctm
1199 731 1328 782 amabilem
1342 731 1493 793 abruperunt
1506 734 1613 784 etatem.

1344 890 1399 938 net.
1415 889 1571 938 LEONIDAE.

1066 1037 1103 1089 stt
1119 1036 1249 1101 pontirago
1266 1035 1387 1100 navigatio
1405 1033 1526 1086 mcundal
1539 1048 1614 1099 quern
1630 1049 1688 1086 vero
1700 1037 1816 1100 procella,

1097 1125 1171 1176 sicuti
1184 1137 1237 1186 me,
1252 1123 1309 1174 orci
1322 1121 1444 1186 appulerit
1455 1123 1590 1186 portuum,

1066 1217 1089 1266 ts
1098 1227 1129 1264 ne
1142 1213 1240 1277 culpato
1248 1211 1366 1262 vorticem
1380 1210 1562 1274 inhospitalem,
1576 1209 1621 1262 sed
1633 1211 1790 1276 snam-ipsius
1804 1225 1842 1260 au

1097 1306 1141 1370 qni
1153 1319 1168 1356 ιι
1180 1307 1264 1355 nostm
1276 1304 1414 1354 retinacula
1427 1302 1500 1353 solvit
1513 1303 1631 1367 sepulcro.
1733 1302 1841 1367 [deciana

1346 1451 1399 1496 205.
1417 1445 1576 1494 Platonis.

1066 1588 1182 1653 Neutragi
1190 1588 1303 1638 tumulus
1312 1599 1381 1646 aum3
1392 1585 1435 1650 qni
1442 1586 1527 1637 autem
1534 1599 1549 1637 e
1556 1585 1667 1650 regione,
1677 1586 1714 1636 est
1721 1585 1844 1649 agricole:

1099 1676 1220 1741 siquidem
1227 1675 1289 1728 meri
1298 1678 1324 1726 et
1332 1674 1414 1726 telluri
1423 1673 1563 1726 communis
1571 1673 1657 1724 subest
1668 1678 1754 1724 Orcus.

1343 1823 1398 1869 tto.
1414 1815 1569 1866 monton.

1065 1965 1181 2030 Naufragi
1191 1965 1333 2030 sepulcrum
1346 1979 1401 2016 eum
1415 1965 1505 2015 Dioclis
1517 1985 1523 2014 ι
1533 1963 1569 2015 illi
1582 1976 1641 2014 vero
1653 1963 1832 2026 altum-petunt,

1097 2053 1160 2119 proh
1169 2053 1346 2105 temeritatem!
1362 2049 1425 2104 ame
1438 2052 1574 2103 retinacula
1586 2052 1715 2104 solventes.

1335 2204 1389 2252 267.
1408 2199 1576 2249 ΡΟὸΙΒΙΡΡΙ.

1065 2345 1152 2394 itautae
1160 2343 1247 2405 ,iusta
1255 2353 1323 2391 mare
1334 2340 1396 2404 quid
1406 2353 1446 2390 me
1459 2338 1583 2403 sepelitis?
1595 2337 1721 2402 perlonge-
1712 2336 1755 2388 -ab
1765 2335 1812 2386 troc

1096 2442 1211 2496 aggerare
1221 2427 1333 2492 naufragi
1346 2427 1463 2478 miserum
1477 2427 1601 2477 tumulum
1611 2423 1746 2488 oportebat.

1065 2517 1258 2568 Horreotlucttls
1271 2515 1413 2580 strepitum,
1426 2527 1506 2565 meam
1521 2517 1634 2572 mortem
1645 2511 1694 2563 sed
1705 2511 1778 2563 etiam
1786 2511 1820 2560 sic

1096 2606 1185 2667 valete,
1201 2605 1292 2656 Nicetae
1304 2605 1427 2668 quotquot
1438 2603 1543 2653 miserti·
1546 2601 1614 2652 estis.

1343 2758 1396 2804 aot
1414 2753 1574 2803 PldTOle

1039 2895 1216 2964 'dautragum
1226 2911 1267 2950 me
1277 2896 1376 2948 cernue
1389 2909 1464 2960 quem
1475 2896 1603 2946 misertum
1615 2907 1682 2944 mare

1096 2986 1191 3039 nudare
1198 2987 1323 3052 postremo
1336 2985 1483 3036 vestimento
1494 2983 1606 3045 erubuit,

1064 3077 1140 3128 homo
1151 3075 1265 3127 manibus
1277 3073 1404 3138 intrepidis
1412 3085 1453 3124 me
1461 3073 1542 3133 exult,

1095 3165 1194 3214 tantum
1205 3161 1329 3227 piaculum
1341 3159 1490 3224 protantulo
1499 3157 1585 3209 lucro
1577 3169 1650 3208 anae·
1642 3155 1788 3207 admittens

1065 3255 1119 3304 Hoc
1130 3251 1171 3303 ille
1182 3253 1207 3302 et
1217 3249 1318 3311 induat,
1327 3247 1374 3299 et'
1368 3261 1394 3298 ιιι
1408 3250 1500 3298 orcum
1511 3245 1627 3311 perierat,

1095 3343 1121 3391 et
1136 3353 1193 3391 eum
1205 3339 1289 3390 videet
1301 3338 1380 3388 Minoa
1391 3350 1446 3387 meo
1455 3339 1569 3401 opertum
1578 3347 1665 3398 panno.

1344 3483 1398 3530 299
1415 3485 1566 3528 [insonat.

1037 3638 1166 3709 Navita,
1177 3637 1303 3688 salvemini
1312 3636 1356 3687 at
1348 3651 1373 3686 m
1385 3635 1447 3686 mari
1459 3633 1506 3685 et
1498 3647 1524 3683 tn
1535 3633 1618 3683 terrae

742 3761 1824 3788 -——-—————-——-—-—-··-·—·'-‘-

1353 3874 1410 3934 267.
1427 3886 1554 3922 aoaanianr.

1063 3981 1127 4047 Quid
1142 3997 1217 4048 prope
1229 3996 1268 4031 me
1277 3949 1373 4048 peiagua
1384 3989 1462 4030 nautae
1475 3977 1637 4046 sepelitisiab
1651 3978 1720 4029 undis

1098 4064 1233 4114 Debueram
1243 4064 1311 4128 longe
1326 4062 1452 4126 naufragus
1463 4077 1513 4112 esse
1524 4062 1591 4112 situs.

1065 4150 1198 4202 Horresco,
1209 4161 1262 4195 mea
1275 4145 1339 4208 iata,
1352 4160 1436 4194 sonum
1451 4144 1522 4193 maris
1534 4160 1540 4192 :
1552 4153 1656 4192 attamen
1668 4151 1693 4192 el
1706 4149 1738 4191 sic

1096 4229 1171 4293 Queis
1181 4230 1265 4279 Niceti
1277 4227 1310 4277 fui
1324 4243 1396 4288 cure,
1410 4227 1488 4276 valere
1502 4227 1566 4277 νοΙο.

1350 4365 1408 4414 α68.
1426 4378 1551 4411 acaronis.

1062 4488 1112 4554 Qui
1126 4497 1194 4538 truce
1205 4486 1329 4552 naufragio
1342 4487 1415 4536 vitam
1427 4484 1487 4536 mihi
1499 4494 1586 4552 pontus
1594 4483 1700 4545 ademit,

1095 4570 1203 4621 interula
1217 4570 1307 4620 veritus
1318 4584 1358 4619 me
1371 4569 1474 4634 spoliare
1488 4565 1542 4618 init.

1063 4656 1132 4705 Hanc
1143 4669 1239 4720 quoque
1251 4651 1358 4702 detraxit
1369 4653 1438 4703 nobis
1450 4667 1534 4703 manus
1550 4649 1624 4717 impia
1637 4656 1741 4710 restent,

1095 4743 1141 4788 l‘er
1155 4737 1246 4788 facinus
1258 4743 1355 4787 tantum
1366 4735 1459 4787 tantula
1471 4735 1538 4785 lucra
1549 4742 1641 4800 patens.

1061 4819 1148 4869 induat
1162 4816 1225 4869 hone
1237 4823 1378 4884 teneatque,
1390 4826 1415 4866 et
1426 4817 1458 4866 ad
1471 4818 1563 4865 Orcum
1578 4810 1688 4874 deierat,
1699 4810 1773 4877 ipsum

1094 4906 1128 4952 Ut
1142 4899 1310 4951 videatMinoa
1324 4909 1417 4964 tegmen
1429 4897 1619 4948 haberemauna.

1352 5011 1410 5074 τδρ.
1424 5024 1541 5058 ιισιιιιιι.

1061 5141 1189 5203 Prospera,
1201 5144 1273 5185 nauta
1284 5171 1292 5198 ,
1305 5134 1350 5185 tibi
1367 5149 1433 5184 marc
1445 5133 1494 5184 sint
1504 5143 1529 5183 at
1546 5140 1609 5182 terra
1624 5145 1631 5180 ι
1645 5127 1686 5178 aed
1698 5123 1756 5176 iliud

1093 5217 1157 5268 Scito
1167 5227 1263 5280 tamen,
1276 5216 1368 5268 condor
1381 5215 1508 5281 naufragus
1522 5213 1569 5264 hoc
1579 5209 1682 5262 tumulo.
