3938 5950
250 425 310 486 284

289 556 425 636 Ἀσκραῖον
442 559 533 635 γενεὴν
556 557 679 618 Ἡσίοδον
692 561 809 640 κατέχω.

534 720 577 771 53.
597 722 733 770 ΑΔΗΛΟΝ.

246 859 365 926 Ἡσίοδος
377 859 495 928 Μούσαις
510 861 662 924 Ἑλικωνίσι
673 865 742 924 τόνδΙ
755 865 885 942 ἀνέθηκα,

245 946 319 1028 ὕμνῳ
328 947 437 1020 νικήσας
456 951 481 1008 έν
498 951 611 1010 Χαλκίδι
624 957 689 1012 θεῖον
702 951 837 1033 Ὅμηρον.

475 1119 524 1169 54.
548 1111 795 1171 notissimi.

142 1257 146 1267 '
244 1258 343 1342 Ἄσκρη
359 1261 406 1339 μέν
421 1261 512 1341 πατρίς
523 1265 679 1338 πολυλήϊος,
695 1265 762 1324 titt
775 1266 892 1332 θανόντος

285 1350 363 1410 όστέα
378 1349 535 1423 πληξίππων
548 1355 582 1429 γῆ
598 1355 701 1412 ditonis
714 1352 821 1432 κατέχει

244 1434 384 1510 Ἡσιόδου,
398 1443 443 1496 τσῦ
457 1440 579 1498 πλεῖστον
594 1441 620 1496 έν
635 1439 779 1520 ἀνθρώποις
791 1440 863 1506 κλέος
875 1441 944 1498 ἐστίν

284 1526 382 1605 ἀνδρῶν
396 1527 554 1605 κρινομένων
569 1529 595 1584 έν
608 1527 715 1608 βασάνῳ
730 1526 829 1608 σορίης.

509 1705 557 1756 55.
581 1696 762 1756 Attiroi.

242 1851 368 1932 Λοκρίδος
380 1852 406 1910 έν
419 1849 494 1928 νέμεϊ
507 1852 604 1930 σκιερῷ
615 1849 691 1908 νέκυν
703 1849 836 1909 Ἥσιόδοιο

283 1941 394 2020 Νύμφαι
406 1941 534 2021 κρηνίδων
548 1941 644 1998 λοῦσαν
660 1937 711 1996 άπὸ
726 1938 865 2018 σφετέρων,

243 2030 289 2088 καὶ
301 2027 382 2108 τάρον
394 2027 547 2108 tedam·
562 2027 674 2106 γάλακτι
690 2025 716 2084 δέ
729 2025 849 2102 ποιμένες
863 2026 943 2103 αίγῶν

283 2117 405 2198 έρραναν,
422 2115 505 2196 ξανθῷ
519 2115 656 2193 μιξάμενοι
671 2114 772 2192 μέλιτι·

242 2205 315 2278 τοίην
328 2206 379 2282 γάρ
393 2207 438 2262 καί
453 2208 534 2283 γῆρυν
548 2202 690 2278 diriorem,
704 2203 778 2262 έννέα
793 2201 922 2262 Μουσέων

282 2291 423 2370 δπρέσὸυς
435 2293 556 2370 καθαρῶν
569 2290 726 2368 γευσάμενος
740 2289 864 2350 λιόάδων.

531 2451 576 2500 56.
595 2453 734 2500 ΑΔΗΔΟΝ.

241 2583 294 2652 'iii
307 2593 358 2672 ἄρα
372 2591 548 2670 Δημοκρίτοιο
561 2589 642 2668 γέλως
655 2590 730 2666 τόδε,
748 2591 792 2649 καλ
807 2591 878 2669 τάχα
890 2587 972 2656 λέξει·

282 2708 294 2732 ι
310 2681 368 2741 Οὔκ
381 2679 470 2757 έλεγον
484 2677 593 2758 γαλόων,
606 2678 700 2739 Πάντα
714 2677 821 2736 αέλουσι
833 2677 930 2753 γέλως;

242 2769 286 2828 καλ
300 2767 351 2848 γάρ
364 2766 417 2846 ἐγὼ
429 2768 522 2848 σοφίην
537 2768 594 2844 μετ’
608 2766 749 2847 ἀπείρονα,
763 2766 807 2824 καί
820 2765 899 2845 στίχα
912 2763 1010 2842 βίόλων

281 2855 438 2930 τοσσατίων,
454 2863 546 2931 κεῖμαι
560 2854 631 2934 νέρθε
645 2855 736 2936 τάροιο
750 2853 841 2931 γέλως.
856 2879 868 2905 ν

557 3017 601 3067 57.
620 3018 716 3064 ΑΔΔΟ.

243 3163 297 3225 Καί
310 3161 348 3229 τίς
360 3162 408 3245 ἔρα
423 3163 499 3244 σορδς
513 3154 577 3236 dio
588 3161 626 3229 τίς
638 3161 710 3240 ἔργον
726 3159 795 3240 ἔρεξε
811 3164 942 3235 τοσοῦτον,
1004 3193 1012 3206 ·

281 3249 358 3310 ὅσσον
374 3254 388 3309 δ
399 3248 546 3323 παντοδαὴς
558 3251 637 3323 ἤνυσε
650 3249 828 3329 Δημόκριτοςς

241 3339 268 3405 δς
280 3339 402 3398 Θάνατον
415 3337 544 3416 παρεόντα
561 3337 611 3418 τρί’
625 3337 716 3414 ἤματα
734 3335 852 3414 δώμασιν
868 3332 952 3411 iopes,

281 3427 327 3486 καί
341 3433 444 3506 θερμοῖς
458 3425 543 3505 ἄρτων
559 3426 689 3503 ἄσθμασιν
705 3423 825 3492 έξίνισιν.

788 3605 841 3616 —1

275 3721 418 3777 Hesiodum,
432 3722 514 3786 genuit
526 3737 597 3787 quem
617 3731 683 3770 retus
694 3727 780 3776 Ascra.
794 3731 856 3786 tego.

473 3865 515 3914 53.
534 3862 678 3912 Dedorsnrin
691 3861 793 3928 ejusdem

580 3981 686 4032 Hesiodi·

240 4103 358 4156 Hesiodus
367 4104 458 4154 donum
473 4103 539 4152 dedit
554 4101 601 4152 hoc
612 4099 743 4150 Heliconisi
758 4099 832 4148 Musis

240 4187 353 4240 Chalcide
364 4187 482 4238 cantando
500 4186 574 4236 dirini
591 4186 667 4235 victor
679 4184 786 4233 Homeri.

533 4329 572 4384 54.
591 4342 734 4386 mantinea,

561 4452 591 4502 de
607 4451 697 4500 ecdem.

239 4573 314 4617 Ascra
327 4565 393 4615 ieras
405 4565 498 4616 Cereris
510 4565 585 4631 patria
599 4573 647 4621 est,
664 4581 728 4614 nunc
743 4564 844 4630 possidet
857 4580 919 4620 ossa,

272 4652 363 4697 Rector
372 4648 427 4712 equi
438 4647 532 4712 Minyes
543 4647 581 4695 cui
591 4648 738 4708 dominatur,
753 4645 839 4695 humus

239 4727 351 4785 Hesiodi,
364 4727 429 4791 rrrjus
440 4726 594 4775 celeberrima
604 4726 679 4789 gioria
692 4726 765 4774 vincit

273 4810 377 4862 Nomina
393 4811 507 4859 doctrinm
525 4809 592 4857 lance
604 4809 705 4873 probata
718 4807 804 4857 ririiur.

560 4961 599 5009 55.
618 4976 709 5020 ancer,

562 5083 592 5132 de
604 5081 695 5134 eodeni.

238 5200 337 5252 Hesiodi
348 5216 434 5270 corpus
445 5201 509 5252 siisrc
521 5201 565 5250 sub
577 5200 691 5250 Loen'dos
704 5199 789 5250 umbra

810 433 1065 494 ANTHOLOGIAE
1087 433 1289 493 PALATINAE

1104 579 1227 623 iscraeum
1239 584 1324 636 genere
1334 571 1467 646 Hesiodum
1476 571 1595 622 contineo.

1358 717 1397 762 si.
1421 722 1561 766 ittcmt.

1073 857 1196 909 Hesiodus
1204 858 1282 910 Husis
1291 858 1421 909 Heiiconiis
1430 859 1496 908 hunc
1506 859 1636 922 tripodem
1646 861 1717 922 posui
1727 902 1732 920 ,

1072 959 1150 1011 quum
1161 947 1250 1010 hymno
1258 946 1372 997 vicissem
1381 945 1496 998 Chalcide
1508 946 1619 998 divitium
1629 949 1772 998 Homerum.

1338 1109 1377 1158 54.
1395 1107 1576 1158 dimissioni.

1072 1267 1147 1313 Ascra
1157 1261 1255 1326 quidem
1267 1260 1345 1326 patria
1356 1261 1556 1325 segetumdives,
1567 1262 1610 1312 sed
1620 1264 1712 1313 mortui

1102 1367 1159 1404 ossa
1166 1353 1505 1416 equosstimulantiumterra
1513 1353 1726 1418 Hinyarumtenet

1073 1441 1184 1503 Hesiodi,
1195 1442 1266 1505 cujus
1276 1441 1383 1492 maxima
1392 1441 1459 1505 apud
1469 1443 1578 1492 homines
1590 1443 1713 1507 gloriaest

1103 1530 1212 1578 virorum
1224 1527 1268 1592 qni
1276 1528 1416 1592 judicantur
1429 1529 1531 1579 coticula
1542 1530 1674 1592 sapientior.

1372 1709 1410 1753 55.
1425 1703 1536 1753 ALGAEI.

1072 1861 1180 1912 Locridis
1193 1859 1219 1909 in
1228 1859 1285 1909 tucn
1298 1857 1412 1908 umbroso
1424 1859 1528 1910 cadaver
1537 1861 1635 1910 Hesiodi

1102 1947 1220 2012 Nympha
1231 1946 1338 1997 sontibus
1347 1946 1460 1997 iararnnt
1468 1961 1496 1997 er
1506 1948 1572 2009 suis,

1072 2039 1097 2088 et
1108 2038 1246 2102 sepulcrum
1259 2036 1398 2094 ereremum
1411 2035 1473 2086 lacte
1486 2039 1568 2087 antem
1578 2037 1680 2101 caprarii
1690 2052 1749 2088 eum

1102 2126 1225 2190 rigarunt,
1236 2124 1299 2173 iisro
1309 2122 1417 2172 admixto
1426 2125 1497 2174 meite
1509 2145 1514 2173 :

1072 2217 1145 2266 taicm
1156 2215 1220 2264 enim
1230 2229 1317 2266 rocem
1329 2228 1427 2278 quoqne
1441 2213 1555 2278 spirabat,
1566 2227 1653 2264 norem
1665 2217 1790 2264 iinsnmm

1103 2317 1176 2354 senex
1190 2317 1265 2368 puros
1274 2305 1375 2368 gustans
1384 2301 1499 2365 liquores.

1363 2457 1401 2501 5θ.
1425 2459 1560 2502 tacenti.

1072 2603 1128 2653 Fuit
1136 2602 1211 2666 igitur
1219 2600 1266 2652 hoc
1275 2599 1407 2651 Democriti
1415 2599 1489 2660 risus,
1500 2612 1528 2648 ac
1537 2597 1639 2648 tortasse
1646 2597 1725 2648 dicet:

1104 2709 1115 2730 «ι
1133 2689 1217 2736 Nonne
1229 2685 1340 2736 dicebam
1352 2684 1449 2745 ridens,
1465 2682 1552 2732 omnia
1562 2685 1620 2731 sunt
1631 2681 1711 2731 risus?

1071 2773 1160 2835 quippe
1170 2785 1214 2834 ego
1223 2773 1279 2834 post
1288 2768 1429 2832 sapientiam
1441 2765 1559 2816 iriirnitam
1568 2769 1593 2815 et
1606 2779 1693 2815 versus
1703 2767 1819 2816 librorum

1102 2857 1370 2920 tantonnmero,1'aceo
1379 2855 1469 2905 inimo
1478 2854 1591 2918 sepulcro
1603 2854 1676 2902 risus.
1690 2875 1701 2896 i·

1274 3009 1312 3058 ιι.
1330 3000 1649 3069 [monmorentius]

1072 3160 1102 3208 nt
1111 3157 1167 3220 quis
1176 3155 1223 3205 tuit
1231 3157 1282 3205 tarn
1291 3152 1404 3217 sapiens?
1414 3151 1470 3216 quis
1478 3164 1541 3215 opus
1553 3150 1608 3201 iecit
1617 3152 1725 3208 tantum,

1102 3246 1223 3308 quantum
1236 3242 1370 3292 omniscius
1381 3239 1474 3304 peregit
1485 3238 1656 3289 Democritus?

1071 3337 1112 3400 qui
1125 3337 1228 3384 tiortem
1237 3333 1381 3396 presentem
1393 3329 1475 3380 triduo
1490 3327 1626 3378 insedibus
1640 3325 1725 3375 imbuit

1104 3427 1128 3474 et
1140 3421 1225 3473 calidis
1232 3433 1323 3486 panum
1335 3418 1461 3470 nidoribus
1471 3417 1574 3480 excepit.

1406 3583 1838 3602 ,ῇ-υ-ὐ*

1101 3719 1220 3763 Larerunt
1232 3709 1349 3776 Nympho
1361 3709 1427 3759 tonte
1438 3708 1530 3759 nitente
1540 3723 1599 3767 suo,

1070 3799 1099 3844 Et
1111 3794 1229 3844 tumulum
1243 3792 1321 3842 iecere
1333 3807 1413 3856 super,
1426 3805 1497 3857 quem
1511 3788 1571 3838 lacte
1586 3788 1691 3852 rigarunt

1101 3881 1220 3932 Hectores,
1235 3890 1352 3924 memores
1365 3874 1451 3922 addere
1464 3882 1547 3922 nectar
1561 3871 1630 3937 apis:

1069 3961 1171 4012 i'uderat
1183 3959 1221 4008 his
1232 3958 1304 4008 rebus
1317 3955 1407 4008 similes
1422 3955 1477 4021 quin
1489 3964 1584 4021 pectore
1595 3969 1679 4008 voces,

1100 4043 1220 4093 Aonidum
1233 4057 1294 4108 puro
1307 4049 1376 4108 potus
1390 4037 1422 4089 ab
1435 4055 1505 4087 amne
1519 4053 1599 4086 senex.

1330 4178 1370 4226 56.
1390 4180 1427 4225 De
1435 4173 1577 4224 Democrito.

1066 4310 1197 4361 Democriti
1210 4309 1271 4359 risus
1282 4323 1367 4373 nempe
1379 4305 1426 4354 hoc
1440 4313 1500 4354 erat.
1536 4307 1566 4353 Et
1577 4311 1635 4368 puto
1649 4304 1727 4359 dicet,

1099 4396 1154 4442 Non
1165 4389 1214 4440 diri
1228 4389 1274 4440 hoc
1288 4389 1381 4449 ridens,
1395 4386 1481 4436 Omnia
1496 4385 1614 4434 ridiculo?

1066 4476 1114 4540 Qui
1126 4485 1218 4526 tantum
1230 4475 1309 4540 sapui,
1321 4471 1362 4537 qui
1376 4479 1442 4520 tanta
1453 4467 1572 4518 volumina
1581 4467 1662 4534 scripsi

1099 4559 1241 4620 Librorum,
1253 4557 1313 4607 risus
1325 4571 1388 4605 nunc
1397 4570 1440 4620 ego
1451 4569 1504 4601 sum
1519 4551 1612 4601 tumuti.

1305 4691 1346 4750 57.
1364 4703 1479 4736 nroonnm
1495 4701 1606 4741 ninam,

1386 4817 1417 4867 de
1433 4815 1524 4868 eodem.

1064 4957 1125 5021 Quis
1136 4957 1229 5024 sapiens
1245 4957 1323 5006 adeo?
1333 4956 1386 5022 quis
1394 4971 1453 5021 opus
1464 4964 1511 5004 tanr
1526 4952 1613 5018 grande
1623 4952 1727 5017 peregit,

1098 5042 1176 5103 Quam
1189 5040 1226 5088 sir
1239 5049 1319 5088 mente
1332 5031 1414 5089 tenens
1426 5038 1505 5088 omnia
1517 5036 1685 5086 Democritus?

1065 5121 1160 5187 Quippe
1174 5121 1223 5170 dies
1236 5120 1321 5170 habuit
1332 5131 1379 5170 tres
1391 5122 1453 5170 intra
1467 5120 1550 5169 iimina
1562 5127 1679 5176 mortem,

1098 5206 1128 5251 Et
1140 5212 1232 5269 pastum
1242 5202 1312 5252 catidi
1325 5203 1391 5270 panis
1403 5203 1477 5252 odore
1488 5199 1554 5251 dedit
