3946 5952
229 406 268 464 ⁶26
788 391 1041 452 ANTHOLOGIAE
1063 389 1263 450 PALATINAE

231 527 343 609 ἀγλαίῃ·
355 531 449 610 χαλκῷ
461 526 512 608 γάρ
527 525 654 586 ἀνίπλεκε
669 523 777 590 κάλλεος
790 526 889 602 αύγὴν,

230 627 297 685 τοῖος
309 615 376 693 ἐὼν,
387 607 439 682 οἷός
455 637 506 694 περ
522 616 547 672 ἐν
560 611 672 686 Ἀτθίδι,
693 614 786 690 μητέρι
801 610 907 688 μύθων,

190 739 216 774 ος
232 706 341 785 ἀνδράσι
355 702 536 779 Κεκροπίδῃσι
549 701 697 782 πολύφρονα
716 702 794 778 μῆτιν
804 699 926 780 ἀγείρων.

1052 521 1139 572 videns
1150 541 1156 570 :
1169 520 1212 572 eri
1225 519 1290 570 enim
1299 517 1451 570 admiscebat
1458 516 1649 582 pulchritudinis
1660 518 1771 584 ιιιιίίιιεο,

1048 610 1105 660 talis
1120 612 1202 672 stens,
1215 607 1328 672 qualisin
1341 607 1432 669 Attice,
1443 607 1522 658 matre
1529 619 1684 669 sermonum,

1049 697 1108 749 viris
1118 694 1259 762 Cecropidis
1269 694 1378 760 prudens
1390 693 1519 746 eonsilium
1531 707 1622 745 serens.

270 792 377 874 Χρύσης
392 789 415 849 δ’
436 784 492 848 αὖθ’
505 786 588 868 lepris<
604 789 687 853 πίλοις
701 785 808 859 insano,
825 785 939 865 δεξιτερῇ
961 784 1009 862 μίν
1080 786 1192 836 Cnnrses
1202 797 1291 836 rursus
1304 783 1418 836 sacerdos
1428 796 1505 848 prope
1518 784 1599 846 stetit,
1612 782 1697 834 dextro
1708 784 1809 848 quidem

230 885 363 960 σκῆπτρον
378 876 558 957 ἀνασχόμενος
577 873 722 946 Φοιύήῖον,
738 876 764 933 ἐν
783 873 810 932 δέ
824 873 930 953 καρήνιρ

1050 877 1175 938 sceptrum
1188 870 1428 935 tenenstoebeum,
1439 872 1465 922 in
1476 872 1554 935 mpite
1563 875 1648 923 eutem

229 968 337 1044 στέμμα
351 965 435 1047 φέρων
445 987 452 1001 ·
464 963 567 1043 μεγέθει
577 963 605 1021 δὲ
617 961 777 1038 κεκασμένος
788 959 886 1041 ἔπρεπε
897 963 1008 1042 μορφῆς,
1050 977 1163 1014 roronem
1175 965 1274 1027 gestans
1284 961 1378 1028 (mandi
1390 960 1431 1012 ille
1444 961 1523 1011 forms
1536 959 1672 1022 eminebat,

228 1044 271 1111 οἷά
285 1075 335 1131 περ
346 1050 441 1134 ἡρώων
455 1051 524 1130 ἱερὸν
537 1049 621 1130 γένος·
633 1052 668 1116 ὡς
682 1047 764 1107 δοκέω
778 1047 823 1123 dt,

189 1155 216 1192 νυ
230 1139 361 1219 Ἀτρείδην
377 1137 491 1198 ἱκέτευε·
508 1135 587 1216 βαθύς
597 1136 624 1196 δέ
637 1139 661 1195 οἱ
676 1135 751 1207 ἤνθει
761 1133 877 1212 πώγων,

230 1226 275 1286 καί
290 1227 389 1299 ταναῆς
399 1225 529 1291 άπλεκτος
543 1221 649 1302 ἐσύρετο
665 1221 758 1302 βότρυς
769 1221 876 1301 ἐθιίρης.

981 1085 992 1104 0
1050 1052 1116 1117 quali
1130 1065 1228 1103 merum
1236 1050 1340 1103 heroum
1350 1063 1427 1116 genus
1436 1049 1457 1113 );
1470 1053 1548 1113 utque
1559 1047 1653 1112 opinor,

1051 1141 1150 1193 Atriden
1158 1141 1316 1206 implorabat,
1330 1139 1423 1205 prolixe
1435 1142 1518 1191 entem
1533 1139 1556 1190 ei
1570 1139 1671 1190 florebat
1680 1137 1771 1200 barba,

1051 1236 1075 1284 et
1088 1234 1166 1300 longe
1175 1234 1282 1284 incomta
1295 1230 1437 1282 trahebatur
1446 1244 1494 1281 use
1503 1229 1619 1282 serenet.

271 1314 375 1392 Knisnp
390 1313 416 1371 δ’
426 1311 502 1389 ἐγγὺς
519 1309 637 1386 ἔλαμπεν
650 1307 773 1382 Ἰούλιοι,
783 1312 811 1377 ὅς
824 1333 887 1369 ποτε
900 1307 1008 1388 Ῥώμην
1082 1326 1165 1372 tostos
1176 1324 1266 1372 ceses·
1275 1332 1351 1384 prope
1362 1319 1517 1383 splendebat,
1528 1318 1571 1382 qni
1586 1317 1718 1381 aliquando
1731 1321 1835 1368 Romam

234 1400 358 1460 ἀντιύίων
374 1402 481 1481 ἔστεψεν
495 1400 665 1478 ἀμετρήτοισι
684 1396 790 1477 βοείαις.

230 1489 327 1569 Αἰγίδα
344 1489 391 1566 μίν
407 1490 571 1568 βλοσυρῶπιν
586 1485 727 1564 ἐπωμαδδν
746 1477 792 1558 ἦεν
809 1483 917 1564 ἀείρων,

190 1595 216 1633 οι
230 1577 343 1657 δεξιτερῇ
355 1575 382 1636 δέ
394 1575 519 1657 κεραυνὸν
533 1576 662 1654 ἀγάλλετο
676 1573 748 1654 χειρί
760 1573 875 1650 κομίξων
882 1619 890 1647 ,

229 1657 271 1724 οἶα
286 1665 351 1733 Ζεύς
365 1665 420 1733 νέος
430 1663 507 1731 ἀλλος
518 1667 545 1722 ἐν
559 1661 725 1722 Αύσονίοισιν
738 1661 850 1722 ἀκούων.

267 1752 395 1824 Είστήκει
415 1752 442 1811 dd
463 1751 575 1811 Πλάτων
591 1751 747 1828 θεοείκελος,
761 1749 847 1828 δπρίν
858 1747 979 1819 ΙἈθάναις

229 1841 313 1911 δείξας
330 1842 434 1921 κρυπτά
448 1841 557 1901 κέλευθα
571 1841 732 1920 θεοκράντων
743 1839 870 1920 ἀρετάων.
933 1916 937 1926 Ι

269 1925 366 2002 Ἄλλην
382 1931 404 1988 δ’
419 1927 590 2008 εὐπατέρειαν
600 1927 654 1986 idon
665 1929 766 2007 χρυσῆν
780 1924 950 2006 Ἀφροδίτην,

179 2043 217 2084 100
230 2016 330 2096 γυμνὴν
342 2015 558 2094 παμφανόωσαν·
570 2014 613 2072 ἐπί
630 2013 742 2093 στέρνων
758 2012 784 2072 δέ
798 2013 902 2084 θιαίνης

231 2105 338 2186 αὐχένος
354 2102 380 2171 ἐξ
392 2103 501 2163 ὑπάτοιο
515 2103 601 2182 χυθείς
611 2104 739 2170 ἐλελίζετο
748 2101 848 2168 κεστός.

270 2193 377 2255 Ἵστατο
388 2193 411 2250 δ’
426 2190 635 2271 Ἑρμαφρόδιτος
645 2192 789 2270 ἐπήρατος,
800 2187 853 2248 οὔθ’
864 2187 922 2256 δλος
932 2187 1009 2268 ἀνὴρ,

232 2279 289 2340 otti
303 2279 381 2359 γυνή·
393 2279 485 2356 μικτθν
495 2277 547 2357 γάρ
561 2277 605 2348 έην
617 2269 752 2356 §pirenei
771 2277 843 2356 τάχα
854 2283 945 2356 κοῦρον

209 2400 214 2408 ·
235 2367 364 2448 Κύπριδος
379 2367 515 2426 εύκόλποιο
529 2365 575 2424 καὶ
584 2363 741 2445 Ἑρμάωνος
755 2364 859 2445 ἐνίψεις·

181 2485 218 2524 tos
234 2455 329 2532 μαζούς
341 2455 387 2532 μέν
400 2455 577 2536 σφριγόωντας
588 2453 728 2526 ἐδείκνυεν,
742 2444 785 2512 οἷά
794 2476 823 2512 τε
835 2453 931 2532 κούρη·

1051 1409 1160 1460 bostium
1172 1408 1308 1460 innumeris
1322 1407 1448 1459 decoravit
1458 1406 1531 1458 coriis
1539 1407 1647 1458 bubulis.

1052 1497 1138 1561 AEgids
1147 1496 1246 1560 quidem
1259 1494 1400 1546 horribilem
1412 1493 1516 1546 humero
1528 1495 1651 1560 gessonas,

1052 1585 1136 1636 dextm
1148 1599 1207 1636 vero
1221 1599 1296 1635 manu
1313 1585 1405 1636 tulmen
1417 1584 1553 1634 exsultebst
1567 1582 1660 1646 terens,

1053 1672 1124 1736 quusi
1139 1672 1201 1725 alter
1216 1672 1312 1736 Jupiter
1319 1686 1399 1723 novus
1408 1671 1490 1722 dictus
1499 1671 1562 1722 inter
1576 1671 1706 1722 Ausonios.

1084 1760 1185 1812 Adstitit
1197 1763 1278 1810 Puro
1289 1774 1387 1824 quoque
1400 1759 1512 1822 divinus,
1528 1759 1571 1822 qui
1584 1757 1679 1823 pridem
1689 1757 1791 1810 Athenis

1053 1849 1161 1899 occultos
1170 1847 1315 1900 monstrarit
1328 1847 1382 1898 ries
1398 1846 1534 1898 missuum
1549 1847 1676 1897 virtutum.

1084 1936 1162 1986 Aliam
1179 1935 1371 1999 indesidem,
1389 1935 1635 1999 ciaropstrenatam,
1653 1947 1754 1986 auream
1761 1935 1839 1985 Vers-

1054 2023 1158 2084 nudam‚
1168 2022 1384 2082 totum-nitentem,
1395 2019 1439 2070 sed
1447 2020 1473 2069 in
1483 2023 1581 2084 pectore
1591 2018 1645 2070 dene
1768 2021 1837 2086 issu,

1054 2127 1082 2163 ex
1101 2125 1197 2164 summa
1211 2110 1305 2161 oerrioe
1314 2110 1386 2159 lusus
1400 2107 1583 2160 concutiebatur
1592 2109 1682 2158 cestus.

1085 2201 1168 2253 Stabst
1176 2200 1211 2251 ibi
1222 2201 1248 2251 et
1256 2202 1477 2250 Hammonius
1489 2197 1612 2260 unabilis,
1622 2211 1701 2261 neque
1714 2201 1783 2250 totus
1791 2199 1837 2261 eir,

1057 2304 1136 2355 neque
1147 2289 1236 2340 mulier
1247 2305 1254 2340 ε
1264 2288 1340 2338 mixta
1351 2287 1416 2337 enim
1427 2288 1479 2337 eret
1489 2286 1569 2351 imago
1579 2308 1585 2336 :
1594 2300 1651 2337 sane
1658 2285 1729 2338 tacite
1734 2301 1840 2351 puerum

1055 2381 1166 2446 cypridis
1177 2391 1319 2430 memmosre
1330 2379 1356 2427 et
1364 2377 1476 2428 Mercurii
1485 2375 1553 2428 dices
1568 2396 1575 2426 ι

1054 2481 1174 2519 mammas
1185 2465 1285 2530 quidem
1296 2467 1423 2528 turgentes
1432 2461 1596 2524 monstrsbat,
1612 2465 1641 2512 ut
1652 2463 1746 2525 puella,

234 2547 326 2622 σχῆμα
341 2539 369 2601 δέ
391 2549 473 2600 πᾶσιν
488 2541 575 2622 ίφαινε
595 2540 756 2620 φυτοσπόρον
781 2540 886 2620 ἄρσενος
907 2541 1010 2614 αίδιίῦς,
1055 2557 1099 2608 sed
1111 2557 1215 2607 formam
1224 2557 1379 2620 generantem
1392 2553 1469 2602 virilis
1477 2550 1585 2616 pudendi
1600 2550 1715 2601 ommibus
1728 2550 1841 2602 ostende

234 2629 306 2702 ξυνῆς
318 2624 428 2707 ἀγλαίης
438 2629 618 2709 κεκερασμένα
631 2627 739 2705 σήματα
751 2628 859 2708 φαίνων.

273 2715 423 2795 ΙΙαρθενικδι
436 2715 587 2795 δ’·Ἧριννοι
599 2715 731 2798 λιγύθροος
745 2715 816 2786 ἵζετο
833 2715 932 2795 κούρη,

237 2805 266 2861 ού
282 2802 356 2880 μίτον
369 2803 537 2884 ἀμφαφόωσα
552 2800 735 2876 πολύπλοκον,
750 2804 809 2861 ἀλλ’
820 2803 856 2862 ἐνὶ
871 2806 932 2881 σιγῇ

182 2913 220 2952 tto
234 2893 360 2970 Πιερικῆς
376 2891 540 2973 βαθάμιγγας
556 2892 758 2952 άποσταλάουσα
775 2891 909 2969 μελίσσης.

1056 2645 1193 2696 communis
1202 2641 1607 2708 specieimixtasignemonstrane.
1774 2638 1840 2703 [bet.

1087 2731 1162 2794 Virgo
1175 2732 1260 2781 eutem
1267 2731 1363 2780 Ειιιιιιιι
1372 2726 1487 2795 εοδείιρί,
1498 2739 1586 2777 cenom
1594 2725 1687 2790 puelle,

1055 2831 1104 2868 non
1121 2817 1278 2868 tilstreetsns
1286 2815 1540 2880 multipliciter-nera,
1550 2813 1595 2865 sed
1609 2813 1704 2865 silentio

1056 2907 1144 2958 Pieriae
1159 2909 1242 2972 guttae
1253 2906 1306 2970 epis
1318 2905 1450 2958 destillans.
1759 2902 1841 2967 [dicas

274 2979 350 3052 Metti
372 2981 452 3060 λίπῃς
467 2981 637 3059 Τέρπανδρον
659 2973 780 3058 ἓθθρνῠν,
796 2971 825 3038 οὗ
841 2979 911 3058 τόκα
935 2979 1012 3058 φαίης
1086 2998 1154 3047 ltere
1170 2998 1283 3046 transeas
1294 2997 1460 3044 Τεαοιιιοιιιιιι
1473 2991 1659 3056 suavisonum,
1677 2991 1748 3056 cutus
1767 2991 1842 3044 tacite

234 3066 365 3144 ἔμπνοον,
380 3069 426 3126 οὐκ
441 3067 568 3148 ἄφθογγον
583 3068 645 3127 ἰδεῖν
655 3067 763 3147 βρέτας·
777 3071 812 3133 ὡς
822 3067 872 3150 γάρ
885 3061 947 3145 ὀίω,

1055 3083 1258 3148 spirentem‚non
1270 3081 1465 3144 mntem,videre
1473 3080 1616 3146 imaginem:
1627 3083 1655 3130 ut
1667 3079 1732 3131 enim
1745 3081 1832 3144 opinor

234 3155 382 3230 κινυμέναις
396 3156 570 3236 πραπίδεσσιν
583 3154 710 3214 ἀνέπλεκε
724 3155 837 3232 μύστιδα
852 3155 966 3233 μολπὴν,
1055 3170 1184 3220 commotis
1196 3169 1338 3234 praecordib
1353 3169 1459 3233 lingebat
1475 3167 1607 3232 mysticum
1622 3171 1733 3230 motum,

235 3342 446 3408 Membrorumque
458 3343 524 3408 rigor
533 3344 645 3409 juvenilis
661 3343 686 3393 in
700 3359 747 3394 rere
762 3352 879 3414 coruscet.

237 3423 301 3472 Telis
315 3422 399 3484 edest,
412 3423 488 3488 quelis
500 3433 619 3490 spectatus
631 3425 656 3474 in
668 3423 769 3475 Atthide
781 3425 853 3474 turba

236 3503 340 3554 Consilio
352 3504 469 3570 prudente
486 3506 564 3588 tribus
580 3506 707 3571 linguaque
717 3503 837 3555 trahebat.

504 3655 575 3702 XVI.
595 3656 631 3701 De
651 3650 750 3719 Chryse.

237 3787 292 3836 Non
304 3784 388 3851 procui
402 3785 457 3834 inde
473 3785 534 3850 gerit
546 3784 648 3852 Chryses
659 3783 763 3834 eboebea
774 3786 883 3836 sacerdos

236 3872 334 3934 Sceptra
345 3884 432 3930 manu,
442 3883 509 3918 sacre
521 3867 598 3917 crines
609 3868 704 3918 celante
717 3885 806 3918 corone
819 3883 826 3919 ι

237 3956 327 4002 ‘lentus
339 3951 423 4002 frontis
442 3949 530 4013 honor,
542 3959 610 4000 tanto
620 3967 645 4000 se
657 3967 759 4018 corpore
770 3952 835 4001 tollit
851 3967 857 4002 :

238 4038 346 4084 Heroum
360 4041 425 4100 petet
435 4048 485 4082 esse
494 4049 567 4098 genus
583 4050 590 4084 ι
606 4033 632 4081 ni
645 4032 725 4095 latior,
738 4034 829 4084 Atride

236 4118 358 4184 Suppiieet
366 4134 374 4180 ;
389 4118 419 4166 ad
428 4127 509 4184 pectus
523 4117 657 4166 demittitur
671 4115 764 4183 hispide
778 4117 869 4176 barba.

238 4207 267 4252 lit
279 4202 356 4266 gravis
372 4203 464 4252 inculto
476 4201 565 4267 pendet
576 4201 605 4251 de
620 4200 687 4252 crine
699 4201 835 4269 corymbos.

453 4342 535 4388 xvtt.
556 4343 593 4388 De
611 4336 674 4386 Julto
693 4340 795 4388 Carere.

239 4474 316 4527 lulius
329 4471 373 4523 hos
388 4474 495 4539 sequitur
507 4476 593 4536 Cesar,
605 4491 652 4540 qno
664 4475 763 4541 preside
777 4480 853 4524 lloma

240 4555 353 4604 Hostibus
364 4564 458 4620 ereptos
468 4564 588 4604 scutorum
603 4555 663 4604 uidit
674 4571 770 4604 acervos
781 4572 788 4606 ε

239 4639 319 4686 Toros
329 4645 399 4686 tuens
409 4636 516 4687 humeris
533 4637 668 4701 ingentibus
682 4638 768 4688 insidet
779 4639 832 4703 regis
845 4655 851 4689 :

241 4717 357 4769 Fulminis
366 4717 521 4771 horrisonum
530 4719 655 4772 minitatur
666 4721 764 4771 dextera
776 4723 868 4773 telum:

242 4803 312 4852 Alter
324 4800 366 4854 hie
377 4811 414 4854 est
428 4803 511 4872 patrie
523 4804 619 4854 Latialis
630 4805 742 4870 Iuppiter
756 4804 819 4856 urbi.

489 4940 584 4988 XVIII.
602 4943 639 4987 De
657 4937 765 4990 Platone.

245 5073 295 5120 Stet
306 5071 372 5120 Plato
384 5087 428 5146 par
439 5072 551 5138 Superis,
564 5074 608 5138 qui
618 5110 625 5135 ‚
637 5075 700 5140 quod
710 5074 754 5124 snb
765 5083 836 5125 noete
847 5049 953 5140 latebat,

246 5153 338 5204 Disinae
349 5153 444 5207 virtutis
456 5157 502 5207 iter
511 5156 620 5224 praelnxit
633 5156 741 5209 Athenis.

1292 3371 1364 3416 XIX.
1385 3371 1422 3416 De
1441 3371 1530 3416 Venere
1547 3365 1604 3418 alta.

1064 3496 1146 3546 Altera
1158 3502 1283 3561 conspectu
1297 3503 1333 3543 est
1345 3493 1418 3542 etiem
1429 3497 1511 3544 Venus
1520 3510 1592 3543 aurea
1606 3493 1691 3556 nobis,

1063 3579 1139 3644 Digna
1148 3579 1213 3630 Joris
1225 3577 1332 3640 soboles,
1345 3577 1449 3628 formose
1461 3593 1562 3645 corpore
1575 3586 1627 3628 toto

1063 3662 1150 3724 Nudo,
1161 3663 1201 3712 sed
1214 3679 1243 3710 ex
1256 3671 1339 3712 tenera
1352 3669 1429 3712 cestus
1440 3662 1533 3713 cervice
1544 3662 1643 3712 fluebat.

1277 3790 1338 3837 XX.
1358 3791 1395 3836 De
1412 3787 1623 3856 Hermoplsrodito.
1669 3751 1689 3792 ''

1063 3909 1279 3976 Hermaphroditus
1290 3911 1375 3970 adest,
1388 3927 1433 3960 nee
1448 3912 1494 3973 uir,
1507 3927 1552 3961 nec
1562 3911 1649 3961 femina
1664 3920 1743 3971 totus,

1063 3993 1140 4041 Mixta
1149 3993 1190 4040 sed
1205 3992 1292 4056 effigies
1304 4009 1312 4043 :
1325 4002 1455 4058 conspeetu
1470 3993 1577 4060 eorporis
1589 3994 1667 4060 ipsum

1064 4075 1186 4126 Mercurio
1198 4076 1261 4125 dices
1275 4085 1299 4124 et
1313 4074 1414 4142 pulchra
1426 4077 1529 4141 Cypride
1542 4086 1635 4126 netum.

1064 4162 1183 4208 Monstrat
1197 4158 1302 4223 virgineo
1311 4166 1432 4222 turgentes
1446 4173 1513 4208 more
1527 4159 1642 4226 papillas,

1065 4243 1184 4290 Monstrat
1195 4239 1226 4289 ab
1238 4239 1374 4304 inguinibus
1382 4247 1462 4306 partes
1476 4239 1526 4289 sine
1541 4249 1605 4290 veste
1617 4249 1742 4306 paternas,

1065 4325 1143 4374 Minis
1156 4339 1239 4390 gerens
1250 4323 1344 4387 gemino
1354 4323 1384 4372 de
1397 4339 1454 4372 sexu
1465 4323 1530 4387 signe
1542 4323 1643 4375 decoris.

1328 4451 1402 4498 XXI.
1417 4453 1454 4497 De
1471 4448 1573 4500 Eritann.

1065 4571 1111 4622 Hic
1121 4571 1212 4622 Erinnn
1225 4571 1305 4631 sedet,
1320 4571 1385 4636 virgo
1397 4580 1494 4622 eantare
1505 4572 1583 4638 perite
1599 4587 1605 4622 :

1066 4661 1140 4706 Pensa
1151 4671 1224 4706 manu
1233 4671 1282 4705 non
1301 4663 1400 4718 trectat;
1414 4655 1465 4722 spis
1475 4656 1517 4705 sed
1529 4656 1609 4706 sedule
1621 4673 1688 4708 more

1068 4738 1172 4787 Pierium
1190 4737 1262 4788 tacito
1277 4737 1383 4788 destillet
1395 4747 1492 4805 pectem
1506 4745 1597 4788 amtor.

1305 4869 1390 4915 XXII.
1411 4870 1447 4915 De
1463 4865 1611 4935 Terpandro.

1068 4998 1113 5048 Sed
1125 5015 1202 5064 neque
1213 5000 1351 5066 Terpander
1364 5001 1408 5051 tibi
1420 5003 1613 5068 pretereundum
1629 5002 1655 5053 in
1666 5002 1719 5070 ipse

1068 5083 1123 5127 AEre
1134 5079 1213 5129 uirum
1228 5081 1320 5146 spirare
1334 5091 1403 5146 putes
1418 5097 1425 5131 ι
1440 5082 1475 5131 ita
1489 5083 1581 5132 vividus
1594 5100 1649 5134 ecoe

1069 5161 1153 5212 Dulcia
1167 5161 1254 5212 divinis
1267 5163 1397 5213 meditatur
1409 5165 1513 5216 carmina
1527 5165 1590 5215 euris
1606 5181 1612 5216 ι
