3946 5952
239 337 286 400 xiv
962 338 1063 399 HJSJI

289 471 338 543 ιθ.
373 471 498 542 1ωοίννου
510 487 721 568 γραμματικοῦ
738 469 836 553 Γοίζάς
850 477 988 567 ἕκιρρασις
1003 487 1054 542 τοῦ
1071 484 1217 565 κοσμικοῦ
1232 473 1354 551 πίνακος
1371 485 1423 541 τοῦ
1439 479 1467 541 ἐν
1483 477 1625 569 χειμερίῳ
1639 486 1768 575 λουτρῷ.

288 597 339 692 ιγ’.
369 595 475 692 Σίριγξ
506 600 686 692 Θεοκρίτου,
714 601 764 666 καὶ
798 602 936 692 πτέρυγες
967 601 1105 692 Σιμμίου.
1138 596 1272 668 Δοσιοίδα
1302 601 1423 693 βωμὸς,
1457 603 1635 677 Βηααντίνου
1671 609 1727 675 ὠὸν
1753 608 1808 676 καὶ

239 721 387 817 πέλειιυς(
413 722 464 818 Δ).

286 843 337 916 ιδ’.
365 845 564 943 Ᾰνακρέοντος
579 846 673 922 Τηίου
692 845 891 940 Συμποσιακα
905 843 1081 940 ἡμιαμίια,
1098 848 1151 914 καὶ
1168 842 1383 938 Ᾰνακρεόντια,
1401 845 1453 911 καὶ
1468 844 1625 938 τρίμετρα.

286 966 329 1038 ιε’.
357 973 419 1038 Τοῦ
440 969 525 1065 ἁγίου
550 971 710 1064 Γρηγορίου
726 983 778 1038 τοῦ
794 973 931 1065 θεολόγου
947 977 1055 1038 ἐκτῶν
1075 977 1154 1038 ἐπῶν
1169 971 1296 1064 ἐκλογαὶ
1316 963 1463 1061 διάφοροι·
1481 974 1511 1035 ἐν
1532 968 1575 1047 οἷς
1600 970 1653 1036 καὶ
1674 968 1716 1036 τὰ
1732 966 1806 1066 Ᾰρέ-

237 1097 286 1161 lion
302 1091 392 1190 (15),
414 1095 464 1161 καὶ
490 1091 695 1182 Ᾰναστασίου,
713 1097 765 1163 καὶ
788 1093 948 1189 1γνατίου,
974 1097 1026 1162 καὶ
1051 1096 1303 1179 Κωνοταντίνου,
1329 1093 1381 1159 καὶ
1408 1092 1575 1184 Θεοφάνους
1595 1101 1715 1161 κεῖνται
1735 1100 1804 1163 ἐπι-

236 1219 416 1312 γράμματα.

286 1344 375 1410 Huic
397 1340 525 1411 tabulae
550 1343 586 1412 in
609 1343 677 1413 ima
699 1343 827 1438 pagina
845 1343 990 1438 antiqua
1015 1367 1123 1412 mann
1145 1340 1346 1436 germanica
1365 1339 1605 1436 subscriptum
1634 1352 1686 1409 est
1708 1365 1715 1408 :
1741 1343 1802 1409 Est

237 1465 458 1536 Bibliothecae
468 1469 649 1538 Palatina.
665 1467 765 1538 Unde
776 1453 860 1537 vero
878 1465 1149 1537 Brunckinshos
1167 1464 1259 1536 duos
1269 1462 1439 1534 articulos
1450 1464 1656 1560 sumpserit,
1672 1459 1725 1543 ις’.
1741 1461 1804 1533 lll-

235 1591 367 1684 κίρρονος
378 1596 497 1686 ῥήτορος
512 1595 669 1660 ἐπιστολαί
683 1620 773 1676 τινες,
782 1605 817 1661 et
828 1589 877 1674 ιζ’.
888 1589 1103 1685 Αριστοτέιίους
1119 1589 1198 1678 βίος,
1215 1612 1305 1684 quos
1316 1587 1353 1657 in
1369 1612 1433 1658 suo
1447 1586 1656 1684 apographo
1672 1572 1754 1683 pagi
1771 1591 1803 1658 X

235 1712 382 1807 adjecit,
396 1739 470 1784 non
482 1714 588 1784 video
605 1739 710 1784 :narn
726 1715 763 1785 in
779 1712 865 1784 Cod.
884 1715 959 1784 bao-
971 1715 1099 1811 pagina
1118 1738 1192 1785 non
1208 1727 1309 1802 sunt,
1326 1736 1443 1807 neque
1458 1735 1616 1807 unquam
1637 1709 1804 1780 videntur

235 1837 352 1908 fnisse.
367 1839 513 1907 Interim
533 1837 643 1908 multa
658 1841 695 1908 in
718 1839 848 1909 Codice
870 1839 972 1910 aliter
984 1852 1091 1933 atque
1106 1837 1227 1922 tabula
1244 1837 1378 1907 indicat
1396 1835 1539 1922 haberi,
1555 1848 1590 1904 et
1606 1834 1803 1905 Brunckius

235 1960 368 2056 praelat.
387 1985 467 2057 pag.
487 1965 633 2031 Xl-XJV
653 1961 872 2050 observavit,
898 1977 933 2033 et
955 1964 1029 2059 ipse
1052 1960 1308 2032 demonstrabo
1328 1963 1399 2031 suis
1427 1960 1525 2031 locis.
1551 1958 1687 2028 Eodem
1713 1958 1801 2028 folio

235 2108 339 2153 verso
354 2084 484 2180 scripta
494 2098 577 2153 sunt
591 2086 847 2180 epigrammata
862 2085 1017 2182 aliquot,
1036 2109 1142 2154 manu
1163 2085 1362 2155 recentiore
1372 2107 1480 2179 quam
1497 2081 1556 2152 illa
1571 2081 1628 2151 cni
1645 2079 1802 2150 talnrlam

235 2206 429 2294 debemus;
459 2222 542 2276 sunt
563 2222 681 2276 antem
701 2209 777 2279 haec
803 2235 810 2276 :

283 2336 310 2400 Ι.
341 2322 367 2400 lt
396 2332 520 2426 σάτυρος
552 2335 605 2400 τὸν
627 2335 757 2425 χαλκόν.
787 2337 893 2403 Deest
921 2334 958 2403 in
986 2332 1071 2402 edit.
1106 2330 1276 2402 Sabiensi.
1305 2329 1442 2400 Jacobs.
1471 2328 1614 2399 Anthol.
1640 2341 1728 2397 tom.
1755 2330 1801 2398 lV

235 2476 316 2550 pag.
341 2451 418 2548 175.
439 2457 629 2549 Anonymi.
649 2453 761 2552 [Plan.
779 2482 835 2553 ep.
856 2455 956 2555 aab]

283 2580 327 2646 JI.
359 2587 453 2672 Χαῖρε
471 2579 523 2646 θεὰ
540 2574 688 2651 δέσποιν’.
702 2586 808 2650 Deest
821 2582 857 2650 in
875 2580 931 2651 ed.
952 2579 1110 2650 Sabiensi
1124 2577 1266 2648 Jacobs.
1285 2591 1372 2647 tom.
1390 2582 1495 2674 lpag.
1519 2599 1598 2670 119.
1612 2579 1795 2644 Caararrs.

235 2698 292 2795 [X,
318 2699 412 2799 toln]

282 2826 340 2893 Ill.
370 2837 468 2918 Δῆμος
492 2825 645 2900 Αθηναίων
664 2856 694 2897 κ.
713 2833 819 2897 Deest
837 2827 894 2898 ed.
913 2827 1070 2897 Sabiens.
1095 2824 1235 2896 Jacobs.
1254 2839 1342 2894 tom.
1365 2830 1375 2893 l
1394 2848 1471 2920 pag.
1499 2819 1556 2916 75.
1579 2818 1794 2917 [διἰιιοιιίιίιὶι,

234 2946 398 3044 Arrend·
423 2947 497 3046 11]

281 3073 339 3140 lV.
369 3063 922 3151 11λσοςδ’ὡς.Ε(1.8111)111115.101.
947 3069 1011 3167 195
1033 3095 1142 3140 verso.
1171 3075 1355 3141 Pnarorrs.
1376 3065 1487 3163 [Plan.
1506 3091 1563 3163 ep.
1587 3063 1686 3162 aro]

282 3198 323 3264 V.
354 3197 390 3264 El
412 3195 464 3264 καί
488 3187 952 3295 oormlpaye;,1rtliaon1nn
980 3201 1185 3266 Taarnrnn.
1207 3199 1311 3264 Deest
1328 3191 1385 3262 ed.
1407 3190 1488 3261 Sab.
1513 3189 1652 3260 Jacobs.
1675 3191 1798 3259 tom.l

224 3341 314 3412 [pag.
344 3316 422 3387 168.
447 3315 558 3412 [Plan.
583 3317 682 3417 aa]

281 3441 339 3506 Vl.
369 3431 431 3517 ίζευ
447 3442 504 3505 ὑπὸ
525 3444 655 3532 catapli.
676 3445 983 3512 ttranocaaoarrs.
1008 3441 1074 3512 Ed.
1093 3445 1176 3518 Sab.
1194 3444 1256 3514 sol.
1286 3443 1327 3513 16
1345 3457 1451 3512 recto,
1472 3439 1581 3538 [Plan.
1598 3437 1670 3535 11.]

281 3562 356 3628 Vll.
386 3553 569 3654 11ρχευ,κα1
589 3571 658 3631 κατ’
676 3565 762 3655 ἐμίν.
781 3566 971 3659 Anonymi.
995 3565 1061 3636 Ed.
1085 3565 1168 3636 Sab.
1187 3564 1256 3634 sol.
1280 3564 1321 3634 16
1335 3580 1439 3635 recto.
1461 3561 1573 3661 [Plan.
1599 3561 1669 3660 ta]

280 3686 369 3753 Vlll.
401 3676 475 3776 ίχω
490 3687 566 3778 φίλα
581 3714 642 3779 μοι.
662 3684 726 3755 Ει1.
745 3685 827 3755 Sab.
847 3687 909 3756 fot.
940 3687 1005 3783 189
1021 3704 1125 3758 recto.
1143 3693 1337 3760 Gaditanas.
1359 3687 1471 3786 [Plan.
1498 3686 1594 3786 152]

279 3812 336 3876 lX.
373 3810 512 3903 Πλῆκτρ’
543 3813 608 3902 ἔχει
642 3813 815 3907 φόρμιγγος.
850 3811 916 3882 Ε11.
948 3811 1031 3883 Sab.
1069 3813 1131 3884 iol.
1170 3811 1238 3883 205
1272 3828 1375 3884 racto.
1415 3819 1524 3883 Pauor
1558 3817 1796 3882 Srnanrraan.

232 3929 342 4026 [Plan.
376 3931 475 4030 278.[

276 4060 320 4126 X.
350 4060 402 4126 Σὸν
424 4061 476 4151 μὲν
497 4062 611 4138 κάλλος
631 4057 736 4140 ἔδειξε.
759 4059 843 4131 Sab.
868 4059 1017 4132 ibidem.
1040 4060 1220 4156 Ejusdem.
1245 4062 1356 4159 [Plan.
1382 4059 1481 4157 277.]

275 4183 335 4249 Xl.
366 4183 516 4251 Μουσάων
535 4176 662 4261 δεκάτη.
686 4183 767 4254 Sab.
790 4183 852 4255 fol.
871 4209 940 4255 212
957 4209 1068 4256 verso.
1087 4187 1247 4254 Laoarn.
1271 4178 1384 4277 [Plan.
1405 4178 1512 4276 ‘283.]

276 4305 351 4372 Xll.
382 4308 476 4384 Οὕτις
497 4310 543 4374 ἐπ’
560 4309 699 4403 &alodo-s..
717 4306 799 4378 Sab.
820 4307 968 4379 ibidem.
995 4307 1172 4404 Ejusdem.
1199 4303 1311 4403 [Plan.
1336 4303 1436 4401 285.]

276 4425 363 4493 Xlll.
393 4415 504 4519 οὔνομ’
521 4432 599 4521 ἔχεις
616 4429 754 4501 [aaaron.
772 4432 854 4502 Sab.
876 4431 939 4502 fol.
960 4431 1028 4502 213
1045 4448 1153 4503 recto.
1170 4430 1351 4526 Ejusdem.
1372 4428 1483 4526 [Plan.
1503 4429 1602 4530 288.]

275 4549 367 4617 XIV.
396 4553 450 4629 Τίς
467 4555 551 4621 λίθον
565 4552 711 4644 ἑψόχωσε.
735 4552 817 4624 Sab.
836 4553 897 4625 fol.
922 4579 988 4651 190
1004 4581 1118 4627 verso.
1139 4554 1443 4652 Anepigrapbnm.
1468 4551 1580 4650 [Plan.
1605 4551 1700 4650 159.[

276 4673 352 4740 XV.
384 4668 782 4770 llaaolaaulr‘petn.Sab.
802 4676 891 4748 ibid.
910 4683 1096 4752 PLATOMS.
1118 4677 1182 4775 [lb.
1212 4677 1309 4776 llio]
1403 4707 1411 4721 ⁰

262 4899 317 4963 (tl)
341 4896 399 4948 Hoc
416 4894 449 4948 de
463 4896 603 4950 Besantino
626 4898 653 4950 in
671 4910 823 4969 sequentem
843 4917 982 4954 numerum
1035 4901 1171 4972 presbyter
1185 4901 1227 4954 ille
1241 4903 1426 4967 Caesareanas,
1443 4901 1517 4972 cajus
1537 4903 1634 4957 fatena
1647 4905 1674 4956 in
1690 4904 1796 4974 Apoca-

226 4973 393 5044 cortjicitura
407 4975 550 5030 Brunckio.
1034 4981 1118 5052 lypsin
1137 4981 1224 5034 atalia
1241 4982 1366 5036 nonnulla
1387 4993 1510 5037 exstant:
1532 4981 1585 5038 vid.
1601 4983 1703 5039 Fabric.
1720 4981 1795 5038 Bibl.

261 5056 317 5122 (15)
332 5058 362 5107 Ia
379 5055 445 5110 Cod.
468 5057 562 5126 legitur
585 5055 649 5128 'apta
672 5075 678 5111 ι
696 5060 717 5111 is
736 5076 796 5111 vero
818 5061 928 5114 Arethas
945 5075 983 5116 est
1033 5065 1081 5118 Gr.
1094 5062 1146 5116 vol.
1160 5065 1222 5130 VII,
1236 5082 1296 5134 pag.
1312 5083 1375 5135 791·
