3940 5952
260 403 317 463 leo
816 400 1068 463 ANTHOLOGIAE
1090 399 1293 461 PALATINAE

258 533 338 596 Ὀραῳ
354 535 431 584 κοινὸν
442 534 507 598 ἔροιτ’
518 534 669 594 ἀνεθήκαμεν.
683 533 853 583 nominativus
868 533 911 596 qui
923 531 1035 595 sequitur
1077 535 1131 580 —i
1143 531 1226 590 ἤνυσεν
1244 530 1340 592 Codex3
1354 530 1472 582 edebatur
1484 531 1560 590 ἤνυεν.
1579 549 1591 574 ιι
1609 530 1717 594 Δὸλιχον,
1737 531 1853 583 stadium.

257 601 307 652 rim
320 601 556 653 habetetattectum
565 603 681 664 majorem
690 615 766 665 quam
777 602 819 664 qui
830 606 896 653 esset
907 602 931 651 iu
943 599 1037 664 apposi·
1077 598 1235 650 liubnleuius
1250 600 1302 662 (qui
1316 603 1396 651 totum
1414 613 1512 649 carmmr
1530 600 1661 650 illustrarit
1675 600 1751 662 Epist.
1768 601 1820 651 crit.
1834 605 1856 666 l,

257 673 322 723 tione
332 673 409 736 ὄρνιν.
419 677 477 722 -3
491 671 695 723 mrti'liotbius.
706 676 770 722 -1,
783 674 842 722 «οὐ
852 673 951 734 φανερή,
961 685 1036 734 quan·
1077 684 1102 733 p.
1116 670 1156 731 il)
1170 673 1294 733 comparat
1307 671 1405 720 Lucret.
1422 673 1464 730 lv,
1478 675 1536 720 ileo
1552 688 1558 718 :
1572 673 1723 720 σοιιιιιιιιιιεα
1736 681 1855 734 quercus

256 741 389 804 doquidem
399 741 466 790 nulla
473 741 545 802 juris
551 741 667 804 peierati
676 755 758 805 poeno
772 743 883 792 Arsbroce
893 744 997 801 nocuit,
1009 745 1035 791 ut
1079 738 1185 791 Gaudio
1200 741 1324 792 sollicitat
1344 739 1450 804 spatium
1466 739 1606 790 decurrere
1620 741 1728 790 umoris.
1739 745 1786 804 Ap.
1801 745 1853 792 lia·

256 811 373 861 Horatius
392 809 501 873 loquitur
518 810 545 860 in
561 810 634 861 simili
651 825 679 862 ro
694 813 776 862 carm.
793 814 827 873 ll,
839 818 862 862 s.
878 812 949 862 coni.
962 811 1034 861 Osid.
1079 809 1181 859 ebonem
1189 808 1390 874 Athen.itlll,p.
1402 815 1456 872 581,
1467 813 1494 872 Ε,
1506 809 1618 860 meretrix
1628 811 1723 870 κέλητος
1731 809 1857 864 schemate

256 885 337 930 Amor.
346 881 426 942 lits.
440 881 678 945 -5.Inauspicatas
686 881 794 932 nmmos
803 883 902 946 nuptias
909 886 1032 946 precatur,
1079 891 1125 930 usa
1145 881 1296 939 coiceretur
1314 880 1560 940 moturemoture,
1579 879 1700 945 Hespcbio
1724 882 1856 946 interprete

256 950 383 1013 inquibus
395 964 443 1000 non
461 950 568 1002 carmina
580 954 605 1002 ei
622 965 697 1003 voces
708 952 771 1003 bene
783 951 931 1015 auspicata,
949 952 992 1002 sed
1004 952 1037 1002 ia·
1079 951 1196 1014 ερρεπῶς,
1209 950 1235 1000 in
1251 953 1364 1002 neutram
1383 953 1476 1016 partem
1496 951 1627 1012 iucbnata,
1646 951 1737 1015 quippe
1755 951 1857 1004 firmiter

255 1019 416 1072 macedones
429 1020 570 1084 audiantur,
587 1022 672 1073 lutura
682 1022 754 1072 noris
763 1022 857 1072 mantis
866 1023 930 1072 maia
943 1035 1034 1086 praesa·
1079 1034 1142 1084 equo
1157 1019 1309 1073 inherens.»
1326 1026 1383 1073 iae.
1398 1021 1475 1073 eoiss.
1485 1021 1559 1072 vertit
1571 1021 1651 1073 recte.
1660 1047 1693 1058 -
1705 1029 1728 1074 i.
1748 1041 1760 1065 ι
1776 1025 1857 1088 limgo

255 1089 355 1151 gientes.
371 1109 384 1135 ν
398 1091 456 1142 iac.
475 1089 588 1153 atrita,
604 1092 689 1158 iores,
709 1092 879 1143 auctoritatem
901 1091 973 1142 alam
989 1090 1034 1140 ha·
1078 1092 1151 1154 ρυλλα
1160 1092 1290 1156 πορφύρεα,
1301 1095 1329 1143 ut
1342 1092 1454 1143 Reislms
1465 1093 1492 1143 et
1503 1091 1562 1142 olim
1571 1091 1739 1153 iacobs.,·uon
1752 1093 1855 1156 ὄμματα.

255 1156 313 1207 berc
327 1172 377 1210 uon
396 1159 496 1212 moetus
515 1163 605 1226 practer
626 1161 743 1226 aaronis
764 1164 868 1228 glossam
891 1183 898 1213 ι
920 1163 992 1213 ἐνίοτε
1012 1163 1035 1212 δὲ
1078 1163 1140 1211 suut
1152 1163 1434 1227 ρύλλαηορρυρεα,τοευ
1447 1161 1594 1212 toliacont.
1609 1174 1646 1226 ορ.
1663 1165 1702 1224 311,
1715 1169 1738 1213 s.
1750 1167 1802 1214 νΒ.
1814 1165 1856 1213 lti-

255 1228 347 1286 osiae
369 1234 394 1281 ei
419 1233 483 1298 ίίιίραι
503 1233 568 1298 παρὰ
593 1233 620 1284 τὸ
642 1236 806 1286 επιειλείεσεαι.
826 1235 952 1286 uectum
968 1235 1036 1298 (post
1055 1194 1058 1287 i
1079 1231 1379 1282 mirummealatinatac.
1393 1253 1399 1281 ι
1412 1233 1763 1296 ιιὈμματαπορριίρεα,11191“ί
1771 1233 1856 1283 ocelli.

255 1300 397 1353 iacobsium
409 1303 435 1353 ln
447 1302 540 1356 addi.
551 1306 603 1366 xli,
613 1318 638 1370 p.
648 1309 693 1357 1111
703 1305 818 1370 extrema)
828 1307 1036 1371 sumptisque,
1056 1332 1057 1403 ρ
1079 1303 1172 1362 otus,
1179 1300 1273 1366 piorem
1283 1315 1308 1351 ν.
1319 1300 1421 1352 Tbeocr.
1435 1304 1476 1364 lli,
1492 1311 1531 1356 se.
1543 1322 1556 1348 υ
1571 1305 1727 1354 normannus
1746 1303 1857 1355 tentabat

256 1373 299 1435 qui
312 1373 406 1436 θρήνους
426 1374 545 1438 sosipatri
560 1375 694 1441 intelligere
710 1376 809 1428 ridemr
823 1376 856 1427 ad
872 1379 956 1441 postes
968 1377 1034 1426 Arsi-
1079 1376 1133 1431 γυῖα
1145 1384 1189 1434 pro
1202 1373 1282 1434 φύλλα.
1295 1380 1350 1423 -s
1364 1375 1422 1435 ἀμφὶ
1434 1376 1487 1423 σαλ.
1499 1371 1559 1424 (lod
1570 1399 1601 1410 —
1610 1377 1633 1424 7.
1644 1373 1810 1424 Tertullianus
1822 1375 1861 1424 De

255 1455 315 1493 noes
331 1442 485 1507 excubantis,
500 1445 574 1498 uenti
584 1447 767 1508 Boissonadius,
778 1447 822 1511 qui
835 1446 949 1509 sequenti
963 1459 1035 1495 vorsu
1079 1441 1159 1491 anima
1172 1454 1194 1491 c.
1210 1445 1240 1492 17
1255 1445 1307 1492 :lo
1318 1442 1366 1492 iiio
1379 1445 1435 1506 ipso
1447 1445 1542 1495 ultimo
1556 1443 1702 1506 ootoptoia
1715 1447 1793 1505 usto,
1807 1457 1859 1508 quo

256 1515 408 1577 μεμψαμένου
421 1515 533 1580 scripsit,
544 1516 575 1567 de
592 1518 724 1582 sosipatro.
735 1517 860 1568 edebatur
874 1518 1036 1580 μεμψαμένους
1079 1512 1192 1574 emitote
1215 1514 1288 1564 cinis
1311 1513 1464 1578 expellitur,
1480 1527 1567 1565 corne
1586 1513 1692 1579 ailquid
1711 1514 1746 1565 de
1766 1517 1858 1565 ammo

255 1582 371 1635 eiieulrii
378 1586 451 1650 cont,
469 1585 513 1638 sed
525 1587 679 1651 aptissimum
694 1589 843 1652 μεμψάμενος
855 1586 959 1638 codicis.
1079 1594 1180 1646 quoque
1189 1585 1315 1634 sentimus
1325 1587 1412 1646 estre,
1424 1587 1503 1650 atque
1511 1587 1770 1638 edeoncorcasciruus
1780 1589 1860 1651 etque

1080 1654 1273 1718 dempserimus,
1284 1667 1345 1705 cum
1355 1655 1421 1705 lueis
1430 1655 1858 1707 deirimmto.lioiss.laudatiaiel.
1957 1695 1958 1738 1

286 1727 353 1776 bill.
371 1728 472 1776 Lemma
493 1748 500 1777 ε
520 1729 552 1784 εἰς
572 1728 724 1791 Ἆριστονεην.
746 1728 816 1778 (ient.
837 1742 875 1791 cp.
898 1731 950 1779 193.
968 1747 979 1770 α
1000 1729 1036 1776 De
1079 1724 1201 1775 Dilucidd.
1217 1725 1312 1775 Pindur.
1329 1739 1353 1789 p.
1370 1731 1425 1777 eoi.

255 1795 338 1859 puella
351 1795 376 1845 in
397 1796 464 1846 testo
479 1796 595 1847 Adonidis
612 1798 676 1848 iuter
692 1797 832 1862 plangentes
849 1810 907 1848 eum
922 1797 1037 1846 mulieres

256 1866 315 1918 vise.
329 1866 429 1918 tacebat
445 1868 511 1919 euim
525 1867 642 1919 Adonidis
656 1869 815 1920 simulacrum
829 1869 853 1918 tv
863 1869 966 1932 raiitq,
979 1881 1035 1932 per·
1110 1869 1170 1916 LVI.
1184 1869 1283 1917 Lemma
1301 1887 1308 1916 ε
1322 1868 1472 1931 suturalia
1492 1868 1626 1931 θηρεύεται,
1640 1869 1679 1918 καὶ
1694 1869 1752 1918 τίσιν
1766 1870 1863 1920 tritoss-

255 1939 312 2003 gula
326 1938 352 1988 iu
363 1936 466 1990 ihelaim
479 1938 587 2004 speciem
598 1941 725 2002 aorosia,
735 1939 881 1991 mulieribus
895 1938 959 1990 drea
971 1939 1036 2003 plan·
1079 1954 1117 1986 τοι
1134 1937 1192 2001 ἀνὴρ
1204 1938 1250 1987 ὑπὸ
1269 1943 1317 1986 τῶν
1330 1944 1455 2000 γυναικῶν.
1475 1942 1535 1988 -a
1549 1938 1658 2000 λασίρσιν
1676 1937 1742 1988 Plan.
1759 1938 1809 1989 Sed
1835 1939 1860 1988 in

255 2011 323 2060 etum
340 2007 483 2073 edentibus,
500 2011 669 2074 ιοτιτομεναις,
684 2010 751 2074 quod
769 2010 895 2076 proprium
908 2009 934 2060 iu
949 2007 998 2059 bac
1010 2024 1036 2060 re
1080 2004 1189 2057 hirsutis
1208 2007 1346 2070 superciliis
1367 2007 1456 2072 puellm
1468 2008 1519 2058 iere
1536 2020 1622 2058 omues
1636 2007 1799 2060 ostenderunt.
1814 2013 1859 2060 ia·
1957 2019 1958 2022 ’

254 2080 493 2145 verbumbristoph.
501 2084 557 2144 Lys.
566 2084 713 2144 susceperi
720 2081 828 2132 κόπτεσθ’
834 2081 928 2132 Ἄδωνίν
937 2097 1015 2143 φησιν.
1023 2101 1034 2124 ν
1079 2076 1178 2129 cobsius
1191 2080 1254 2143 conj.
1268 2081 1413 2144 γαλεραῐσιν,
1426 2099 1438 2123 ι
1453 2082 1559 2130 serenis.
1574 2081 1654 2141 etym.
1674 2082 1708 2130 u.
1723 2101 1729 2130 ε
1744 2083 1860 2145 intepet,

254 2153 353 2201 lae-
363 2155 384 2200 1.
397 2153 504 2214 nutavi,
520 2151 583 2201 ooni.
599 2165 637 2214 ep.
658 2156 710 2213 ies,
731 2156 751 2202 i.
767 2151 878 2215 Aspirute
895 2151 941 2214 φίλ’
954 2151 1036 2201 Ἀδωνι
1079 2148 1173 2214 ίλορὸν,
1185 2149 1238 2211 ἡδὺ,
1250 2153 1333 2212 πρᾷον.
1348 2149 1459 2199 τάσσεται
1472 2150 1497 2198 δὲ
1515 2150 1553 2198 ἐπὶ
1571 2148 1723 2212 βλεμμάτων·
1738 2153 1779 2200 asi
1793 2153 1862 2213 γαλε-

254 2220 402 2282 memorius,
412 2233 488 2284 quem
499 2234 559 2284 v.p.
571 2227 623 2283 160,
634 2223 663 2271 ut
672 2221 751 2272 Codex
765 2221 899 2272 aubi-4.
911 2221 1032 2284 Σύμιιλουν
1079 2217 1170 2280 ρωπος,
1184 2220 1198 2268 i
1212 2220 1309 2280 γαλερὸν
1329 2219 1368 2267 οιαὶ
1381 2219 1498 2283 ίπιτερπὲς
1518 2219 1618 2280 βλέπων.
1636 2220 1758 2272 serenitas
1776 2223 1863 2272 autem

254 2289 408 2341 incbaronis
423 2290 518 2354 cymba.
529 2287 696 2342 Deindeoo'ir
706 2291 778 2342 metri
792 2304 868 2342 causa
882 2291 1036 2341 divulsuma
1078 2288 1201 2352 precipue
1215 2288 1280 2340 cuca
1298 2289 1428 2353 supercilia
1447 2289 1523 2341 sedet.
1550 2288 1648 2340 Pindar.
1664 2292 1736 2354 Pytb.
1751 2297 1776 2352 9,
1800 2300 1832 2344 65
1853 2307 1861 2334 τ

255 2360 334 2409 λαθών
351 2359 489 2423 pronomini
510 2358 630 2422 adhaesit,
644 2373 713 2412 more
732 2360 792 2412 ntis
812 2361 927 2424 antiquo,
942 2357 1035 2423 dequo
1079 2359 1155 2424 ἀγανᾷ
1169 2361 1368 2423 paraptomate<
1385 2360 1459 2424 ὀφρύϊ·
1473 2380 1486 2404 ιι
1501 2361 1625 2412 Hectores
1637 2363 1743 2425 λαραῖσι,
1760 2363 1864 2414 (ipsiius

254 2429 355 2480 Dorvili
367 2429 399 2480 ati
410 2429 502 2481 omui.
513 2434 534 2492 1,
543 2433 568 2492 ί,
584 2445 609 2495 p.
628 2437 671 2483 228
685 2431 751 2494 Lipe.
770 2451 782 2475 υ
802 2429 915 2482 otardo.
933 2430 1036 2482 Botulus
1080 2431 1204 2493 petrusio.
1218 2429 1327 2481 Pioeoios
1340 2433 1461 2495 λιπαροῖσι
1476 2432 1515 2482 vel
1533 2435 1666 2496 λαμυραῖσι.
1681 2432 1793 2497 Denique
1804 2432 1861 2482 haee

255 2497 294 2548 σοί
308 2515 351 2560 με,
364 2517 377 2542 ι
391 2498 423 2548 ob
442 2499 639 2565 tautologiam»
653 2500 740 2564 inquit.
754 2500 835 2550 Codex
855 2501 956 2562 ἄνεργον,
966 2500 1035 2565 quod
1079 2498 1268 2550 Boissonadius:
1284 2520 1296 2542 α
1306 2499 1395 2550 lfirum
1409 2502 1547 2551 encomium
1556 2501 1757 2566 inpuellaiimar
1768 2505 1860 2568 ορρνες.

254 2567 360 2617 correrii
382 2571 433 2619 iac.
455 2568 525 2620 Adde
548 2583 605 2633 que
623 2569 736 2623 dicentur
755 2571 780 2620 in
794 2570 967 2636 epigrammate
983 2577 1035 2633 loe,
1079 2571 1128 2620 Sed
1139 2583 1188 2620 non
1201 2570 1454 2635 eudioglossatorcm,
1470 2572 1553 2634 quide
1572 2571 1667 2622 leminis
1680 2573 1704 2622 in
1717 2585 1809 2637 genere
1822 2575 1860 2638 agi

255 2637 340 2688 ἰίειεεειι
350 2638 402 2689 lere
410 2639 492 2690 serbis
501 2643 627 2704 concepto.
1079 2643 1166 2705 putat3
1182 2644 1243 2705 puto
1256 2641 1369 2704 equidem
1383 2643 1530 2705 peculiarem
1543 2656 1573 2694 ac
1588 2643 1633 2694 sibi
1645 2644 1747 2693 amicam
1760 2649 1864 2708 poetam

1079 2710 1179 2763 laudare
1191 2711 1312 2776 puellam,
1325 2725 1382 2775 qum
1396 2712 1474 2777 spissa
1486 2713 1592 2764 habebat
1605 2715 1740 2778 supercilia.
1752 2735 1766 2758 ν
1780 2716 1863 2766 Etiam

285 2781 346 2831 LIV.
363 2783 464 2832 Lemma
479 2801 485 2832 :
500 2782 599 2846 φλυαρία
608 2783 664 2846 πρὸς
675 2783 769 2847 εμοίους
778 2785 864 2846 αὐτοῦ,
874 2789 924 2840 πῶς
935 2786 970 2834 δεῖ
980 2786 1036 2847 μετὰ
1080 2782 1189 2834 Ρίοωίοε
1204 2781 1312 2838 defendit
1331 2803 1338 2832 ι
1354 2801 1367 2826 ν
1388 2787 1425 2834 Ort
1439 2787 1507 2848 peut
1520 2797 1650 2849 supposes
1666 2797 1731 2848 que,
1748 2785 1818 2836 dens
1833 2789 1863 2837 Io

254 2849 362 2910 γυναικὸς
380 2849 505 2912 ἐγκύμονος
522 2851 693 2912 συγκαθεύδειν.
715 2853 853 2915 οόμοίους
873 2853 937 2914 αὐτῷ
953 2865 1034 2917 apogr.
1076 2854 1173 2918 penate
1187 2851 1220 2903 de
1242 2851 1366 2915 i'outeur,
1391 2867 1419 2903 ce
1439 2857 1495 2905 mot
1514 2858 1590 2906 auoit
1607 2868 1645 2905 υιι
1664 2867 1723 2906 scus
1744 2856 1862 2916 odouoi,

255 2919 343 2982 Paris,
358 2918 426 2983 quod
439 2916 515 2970 babet
527 2919 602 2970 etiam
615 2917 727 2984 chordo,
743 2933 818 2984 quem
830 2921 887 2971 ride
902 2921 1001 2972 miscell.
1014 2925 1035 2984 1,
1075 2918 1210 2986 perterre
1220 2919 1306 2972 meme
1316 2921 1472 2986 locassem,
1482 2923 1531 2984 tel,
1545 2937 1601 2987 por
1613 2937 1665 2986 em,
1684 2937 1735 2988 que
1745 2925 1812 2975 cetui
1827 2926 1862 2975 de

253 3001 277 3052 p.
291 2991 342 3040 115.
354 3009 367 3034 ν
376 2993 406 3040 a.
416 3016 448 3027 -
460 2994 480 3040 1.
490 2991 584 3041 Versus
593 2988 749 3055 depravatus.
762 2991 891 3042 iacobsius
904 2995 1036 3055 γαστροεα-
1079 2991 1154 3054 debe,
1169 2991 1226 3043 bien
1244 2993 1336 3043 nourri.
1355 2997 1392 3045 tio
1405 2995 1474 3054 soit,
1487 2994 1523 3044 du
1544 2998 1624 3054 reste,
1642 2995 1862 3059 qu’oujoort’irm

253 3060 290 3121 ρες
301 3065 423 3124 τροσορῶν
432 3061 512 3124 λέχος,
528 3079 540 3104 ι
555 3060 623 3125 quod
634 3065 761 3114 rereorui
773 3061 888 3113 sufficiat.
902 3064 1033 3114 russei.
1078 3061 1164 3114 meroe
1177 3065 1213 3114 tes
1227 3065 1337 3115 sourcits
1353 3067 1427 3128 spuis
1443 3068 1501 3114 soret
1512 3064 1636 3128 reportes
1645 3065 1712 3116 duas
1726 3067 1864 3116 leterani

254 3129 380 3182 ileclrerus
392 3143 468 3181 versu
480 3139 494 3182 ε
508 3134 611 3195 cirrose,
624 3145 709 3183 omues
722 3134 789 3197 λέχος
803 3131 835 3183 de
850 3133 952 3198 conjuge
969 3133 1034 3185 acci-
1078 3147 1178 3185 enorme
1192 3147 1245 3186 urse
1257 3135 1369 3201 ococie-
1378 3139 1449 3186 eusst
1462 3134 1498 3186 tes
1513 3135 1622 3199 [mames
1636 3139 1680 3199 qui
1690 3137 1726 3187 ies
1740 3141 1786 3188 out
1798 3141 1864 3201 trop

253 3198 361 3262 pientes,
375 3200 444 3264 quod
456 3201 482 3251 in
497 3201 540 3252 tali
552 3201 606 3253 loco
619 3200 780 3253 durissimum
789 3216 839 3253 non
847 3203 911 3266 aptis
920 3203 1035 3268 exemplis
1077 3203 1128 3268 firm
1141 3203 1318 3258 lactent-eles
1327 3206 1370 3271 d'p
1385 3207 1508 3270 suppliter
1516 3219 1573 3270 per
1582 3206 1610 3256 io
1619 3210 1753 3271 primiore.
1768 3227 1780 3252 ν
1793 3233 1826 3244 —
1836 3216 1860 3258 s.

254 3267 383 3320 defensum
393 3269 438 3322 ivit
450 3271 525 3322 ileclr.
539 3285 563 3335 p.
575 3275 614 3322 io.
628 3271 763 3323 Lenissima
775 3271 862 3337 corrigi
874 3274 1035 3337 putosiorum
1077 3278 1199 3341 metopae,
1209 3291 1267 3341 qum
1275 3278 1362 3329 Plauto
1375 3279 1542 3328 sororiantes.
1557 3307 1589 3321 -
1604 3281 1617 3327 7
1628 3279 1707 3326 orris
1723 3276 1783 3328 cod.
1794 3281 1859 3327 Pro-

254 3340 296 3390 σὸν
304 3339 352 3390 boo
360 3341 434 3393 modo
445 3361 451 3392 ι
461 3345 595 3406 προσιὼν
606 3345 687 3406 λέχος,
702 3343 769 3406 quod
782 3345 819 3394 est
831 3342 983 3394 homericum
997 3345 1034 3394 λε’·
1077 3349 1191 3400 verbialis
1205 3349 1311 3409 locutio,
1328 3347 1478 3409 ePlutonis,
1490 3349 1520 3398 ut
1534 3347 1639 3409 ridetur,
1656 3347 1730 3398 ducta
1742 3348 1866 3412 epigram-

254 3412 326 3472 χοοδε
346 3414 413 3463 κιών.
437 3413 482 3464 llis
502 3413 600 3478 scriptis
624 3415 719 3478 repperi
743 3414 770 3464 iu
793 3413 890 3465 schedis
909 3415 1033 3465 Jacobsii:
1077 3421 1210 3482 mateiil,
1225 3417 1424 3480 loo,3.iunium
1436 3417 1511 3481 Adag.
1526 3419 1566 3476 lx,
1581 3417 1773 3476 3³,citaiiioiss
1787 3443 1822 3454 -
1836 3424 1860 3467 s.

254 3483 342 3533 «Fosi.
357 3485 456 3540 Μήποτε
469 3486 623 3549 γαστροόαρεῑ
639 3486 757 3548 προσιὼν,
773 3487 839 3548 λέχος
859 3487 950 3550 ἀντιπρ.
966 3505 988 3546 ν,
1000 3485 1035 3536 iu
1077 3492 1174 3554 Μίδεοι,
1191 3491 1240 3541 ion.
1261 3491 1287 3541 et
1299 3489 1353 3540 aeui.
1367 3502 1413 3553 pro
1430 3489 1538 3550 Μίδειοι,
1553 3487 1585 3538 de
1599 3500 1649 3550 qua
1664 3501 1693 3538 re
1704 3490 1758 3539 iae.
1775 3501 1801 3552 p.
1819 3496 1862 3538 tio.

253 3551 352 3614 quidem
365 3553 490 3605 distincta.
515 3581 547 3592 -
559 3559 583 3606 3.
598 3555 741 3606 actussima
750 3554 923 3605 Boissonadius
938 3576 944 3605 ι
959 3559 1034 3606 «Non
1077 3561 1179 3612 metuet.
1194 3560 1248 3610 Del.
1262 3572 1287 3623 p.
1305 3564 1348 3610 ies
1356 3569 1407 3621 seq

253 3623 315 3684 puto
327 3627 391 3684 κῦμα
406 3635 461 3673 esse
474 3637 518 3688 pro
531 3627 619 3687 κύημα,
635 3622 667 3674 ob
684 3624 849 3688 metaphoram
876 3630 1032 3691 sequentem,
1125 3663 1127 3666 -

254 3691 420 3756 ερισοομὲνης,
443 3697 606 3776 σαλευομένου,
619 3695 690 3745 (iuni.
702 3694 917 3760 epigr..sequentis
934 3686 1057 3758 versumi
1107 3721 1180 3770 Lm
1195 3721 1296 3769 Lemma
1311 3717 1383 3779 :opit
1396 3715 1435 3765 ,γη
1448 3715 1549 3777 Ἔρωτα,
1562 3732 1574 3756 ε
1589 3715 1642 3762 1100
1658 3710 1780 3762 distichon
1791 3712 1862 3775 trag-

253 3769 277 3812 o.
294 3762 399 3813 ncoder
412 3763 502 3826 ὀλίγους
513 3764 576 3828 (sie),
586 3768 612 3815 et
624 3777 709 3816 vocem
721 3769 781 3830 μίγα
794 3767 857 3818 iuter
868 3767 949 3818 lim-
958 3778 979 3820 i.
990 3773 1035 3820 Ne·
1077 3793 1188 3842 mentum
1201 3803 1256 3841 0550
1271 3787 1370 3851 majoris
1384 3785 1499 3838 carminis
1511 3799 1560 3835 non
1573 3783 1666 3834 dubito.
1678 3805 1689 3828 ν
1703 3783 1813 3835 Hester.
1830 3811 1866 3821 -·-

152 3887 154 3894 ,
253 3831 410 3897 sciasquare
428 3834 590 3898 epictatium
605 3834 724 3886 Mdnelio
741 3835 889 3901 probatum)
905 3838 1034 3891 attenderit
1078 3863 1232 3924 mmm,
1253 3859 1400 3917 salmam„
1425 3855 1557 3907 γεωργίην
1582 3855 1723 3920 xquaero,
1745 3855 1771 3904 in
1792 3855 1867 3904 notis

243 3901 1032 3995 1μίιιεέεε,11ῑείδεοίιῐεορὶεεῐεεεειετιοίλινβείΤυιιιρίἰπεριστρέψαςμο-
1052 3891 1057 4009 Ι
1076 3946 1135 3984 mss·
1151 3932 1174 3996 γ’
1189 3933 1317 3994 ἡδομμηη,
1335 3932 1364 3980 ης
1384 3928 1516 3992 nopotem<
1533 3928 1608 3991 χαίρει
1623 3931 1652 3989 τῇ
1672 3925 1802 3986 λαμπηδόνι
1819 3932 1866 3974 τοῦ

252 3977 350 4025 mni·
362 3976 443 4057 {imm
456 3978 533 4027 3⁰¹⁸&
545 3996 552 4026 ²
562 3996 574 4020 ί
584 3980 667 4041 nstitit,
676 3983 811 4044 P¹0⁸fflP²⁰
820 3998 882 4045 πρίει
895 3983 934 4031 θῧῗ
942 3983 1034 4045 ⁰Pt¹m⁸
1077 4004 1147 4066 πυρὸς
1160 4003 1200 4051 καὶ
1212 4001 1366 4066 προπέποται
1378 4003 1427 4055 τοϊς
1437 3998 1529 4062 λύχνοις
1543 3999 1552 4058 (
1559 3997 1644 4046 AElian
1663 3997 1717 4057 iiii,
1730 3995 1776 4056 8),
1791 3995 1866 4044 unde

253 4044 399 4097 emendam·
413 4067 426 4091 ‘³
1053 4051 1056 4160 i
1077 4075 1153 4137 μωρὸς
1169 4074 1303 4138 πυραύστου
1326 4069 1393 4134 μόρος
1408 4069 1475 4133 apud
1492 4067 1642 4130 AEsehylum.
1658 4065 1788 4116 Marcellus
1814 4068 1867 4115 Co-

282 4179 332 4227 LV.
351 4181 451 4230 Lemma
466 4199 472 4228 ι
487 4181 518 4235 είς
534 4180 626 4238 Δωρίδα
641 4181 682 4239 τήν
702 4181 796 4245 πόρνην,
812 4182 1034 4246 aeternaitatem-
1052 4163 1056 4276 i
1076 4157 1129 4195 mes
1149 4147 1191 4204 τὴν
1209 4143 1263 4206 πυρὶ
1284 4141 1420 4204 'tumim'
1444 4138 1569 4189 fleckems
1594 4138 1635 4195 τὴν
1661 4136 1867 4200 'ammam’

253 4253 272 4328 u·
282 4248 364 4330 ερεριν
384 4248 475 4338 optimc
495 4249 634 4334 lleclerus,
650 4250 801 4338 etnrsciperc
812 4265 861 4301 nou
875 4249 984 4302 dubitari
1002 4252 1033 4303 ob
1076 4285 1101 4334 in
1109 4284 1223 4346 mm,
1238 4294 1283 4347 pm
1296 4292 1347 4343 quo
1358 4282 1449 4342 mm
1470 4280 1565 4338 epam,
1581 4275 1759 4326 vehementem
1777 4288 1870 4340 „sque

252 4319 375 4368 simlssima
387 4319 429 4368 iiia
445 4321 573 4381 Οσριστυος
582 4318 732 4372 sumentem
741 4360 748 4385 ,
758 4329 787 4373 6ο
802 4341 807 4371 ι
1053 4357 1055 4379 η
1075 4355 1184 4419 postulat
1201 4350 1327 4405 sententia⁴
1343 4352 1380 4399 De
1398 4363 1425 4400 re
1439 4348 1524 4399 multis
1538 4346 1647 4410 disputat
1666 4343 1772 4394 Graefius
1786 4356 1815 4405 p.
1834 4352 1866 4395 91

1076 4214 1143 4278 quod
1154 4213 1228 4265 velim
1237 4209 1401 4275 explicuisset.
1413 4209 1438 4259 Si
1450 4222 1537 4259 sanum
1551 4210 1589 4258 est
1597 4209 1725 4269 νηχομένην
1733 4205 1869 4268 ,barcinis

314 4433 359 4496 “lte
371 4443 393 4489 οί
404 4443 445 4504 μὲν
455 4444 586 4506 χλοεροῖσιν
600 4446 725 4508 ίαινόμενοι
739 4448 858 4506 μελέεσσιν
1053 4390 1055 4485 i

314 4509 421 4568 ἀλλήλοις
433 4513 559 4574 poleptici·
570 4513 682 4564 ἀνίστατο
692 4517 846 4579 ρώριοςεὺιή.
1053 4581 1055 4668 4
1076 4565 1159 4614 Talem
1172 4564 1247 4627 igitur
1266 4564 1358 4627 ψυχὴν,
1373 4559 1450 4611 ueluti
1469 4558 1554 4608 vivum
1575 4557 1665 4607 animae
1681 4554 1870 4608 simulacrum.

253 4630 338 4683 codex
351 4633 451 4694 ἄνεισιν,
463 4655 475 4678 ι
487 4635 554 4698 quod
563 4637 719 4701 nonproprio
733 4651 807 4688 seusu
816 4635 1032 4700 accipiendum3in
1076 4635 1155 4700 cogita
1170 4633 1200 4684 ab
1214 4638 1303 4683 amore
1317 4630 1426 4695 subjecta
1442 4627 1496 4678 iace
1508 4626 1608 4688 torreri,
1626 4626 1742 4677 ettotam
1761 4623 1790 4673 in
1806 4625 1873 4689 igne

253 4705 307 4753 toro
320 4703 386 4753 enim
398 4717 438 4755 res
452 4706 544 4770 agilum
562 4707 605 4756 sed
619 4705 776 4757 referendum
793 4707 826 4757 ad
842 4708 971 4772 protropo
985 4723 991 4756 :
1005 4709 1032 4759 in
1047 4706 1049 4708 ’
1075 4708 1160 4757 ustam
1176 4724 1182 4754 ε
1196 4717 1254 4768 qua
1261 4703 1341 4768 imago
1350 4715 1400 4751 non
1411 4712 1468 4750 raro
1480 4698 1505 4748 in
1518 4696 1626 4761 antiquis
1638 4694 1811 4745 monumentis
1821 4707 1869 4744 oc·
1957 4741 1958 4744 ,

253 4773 326 4838 ipsis,
341 4775 1031 4841 puta,Doridisartubus‚lloribuscomparandisoioe.
1076 4776 1160 4826 ommi.
1184 4777 1221 4825 lta
1239 4772 1302 4824 illud
1319 4773 1421 4836 φεύξεται
1436 4769 1498 4820 bene
1515 4767 1635 4818 convenit.
1651 4765 1738 4816 Nescio
1755 4777 1789 4813 an
1813 4761 1872 4814 huc

252 4846 387 4910 Ἀθάνατοι,
400 4845 465 4896 coni.
477 4859 515 4910 ep.
526 4851 605 4899 oe-
614 4853 637 4898 3.
650 4849 771 4908 arcessa,
785 4851 814 4899 οε
832 4862 916 4912 eques.
934 4849 1031 4900 Descri-
1052 4819 1054 4886 i
1075 4846 1197 4910 pertineat
1215 4845 1311 4908 signum
1327 4841 1397 4907 pueri
1410 4841 1483 4902 alati,
1503 4838 1674 4903 abjectisarou
1687 4832 1871 4898 alphaeum,
1957 4859 1958 4888 η

252 4915 320 4967 bitur
332 4915 430 4967 ⁸⁰h⁰ffl³
439 4917 506 4980 (1³⁰⁶
519 4920 605 4975 edors
616 4916 749 4981 appellant,
762 4935 773 4960 ι
787 4919 811 4968 et
823 4919 904 4982 turpis
917 4917 1033 4982 Apuleius
1076 4919 1102 4968 et
1115 4915 1222 4967 demissa
1236 4916 1304 4974 tace,
1320 4911 1368 4964 sub
1382 4912 1455 4974 cuius
1467 4910 1523 4973 igue
1540 4907 1630 4986 papilio¹
1647 4903 1770 4983 prorepit,
1794 4905 1872 4983 apud

254 4987 360 5048 (Metam.
373 4987 406 5048 ll,
422 4987 498 5050 pei)
514 4987 574 5037 disii
588 4985 737 5051 pendulam
750 4999 882 5037 uenerem.
895 4987 942 5037 cni
955 5001 1032 5051 quum
1076 4986 1193 5050 sponium
1215 4984 1316 5036 miscell.
1332 4997 1356 5047 p.
1372 4985 1397 5042 7,
1418 4979 1459 5043 og.
1475 4987 1498 5060 ⁹:
1519 4980 1547 5028 lu
1562 4991 1592 5027 eo
1611 4975 1778 5058 srgrropremt
1797 4973 1873 5023 allud

254 5058 374 5110 contraria
386 5058 418 5109 sit
428 5059 454 5107 in
462 5058 542 5122 primo
550 5071 624 5108 versu
634 5057 700 5108 iacta
715 5057 846 5121 descriptio
858 5079 865 5108 ε
877 5060 934 5122 ὑπὲρ
946 5061 1032 5122 λεχέων
1075 5056 1144 5122 quod
1156 5056 1223 5121 apud
1229 5056 1376 5118 liclesgrum
1386 5053 1451 5117 ψυχὴ
1464 5052 1578 5099 minatur.
1594 5050 1662 5129 Deus
1674 5049 1709 5096 ria
1722 5058 1777 5095 eam
1792 5045 1874 5094 tlarrr-

254 5129 381 5190 διατεενος,
395 5128 529 5180 tenendum
548 5131 587 5178 est
606 5127 712 5192 primum
730 5127 863 5179 distichum
887 5129 950 5179 circa
967 5141 1030 5193 prse-
1075 5128 1122 5178 mis
1134 5127 1220 5191 petiit,
1232 5129 1260 5176 ut
1270 5128 1321 5189 jam
1334 5123 1457 5188 aufugerit
1468 5121 1509 5172 :ld
1520 5123 1663 5182 est,qu1e0
1676 5118 1789 5182 sepulcro
1805 5131 1874 5167 cou-

253 5198 320 5249 ludia
335 5199 449 5263 quedam
466 5213 495 5251 ac
514 5199 678 5251 reitationem
695 5199 836 5256 amatorium
855 5201 956 5252 versari.
971 5219 983 5244 ν
999 5204 1029 5251 B.
1051 5172 1054 5260 i
1075 5198 1173 5264 tegitur,
1190 5197 1279 5248 infelici
1294 5207 1375 5246 amore
1390 5195 1552 5256 consumptus
1564 5191 1642 5254 periit.
1659 5191 1776 5240 Celerum
1791 5192 1828 5239 ui
1845 5188 1873 5236 in

1076 4439 1154 4488 seqq,
1169 4422 1235 4474 unde
1247 4420 1302 4470 baec
1310 4417 1399 4470 habeto
1413 4440 1418 4468 ε
1430 4439 1441 4462 ν
1452 4419 1543 4468 Notum
1556 4418 1594 4467 est
1602 4416 1707 4466 animam
1718 4412 1766 4464 sub
1778 4413 1871 4463 torma
1957 4425 1958 4428 ¹

1053 4512 1055 4539 ι
1075 4494 1203 4559 papilionis
1222 4492 1422 4556 representatum
1443 4489 1469 4538 in
1483 4487 1544 4538 artis
1563 4485 1677 4550 operibus
1696 4484 1870 4547 frequentari.
1957 4493 1958 4504 ¹
