3968 5948
590 410 714 470 CAPUT
734 411 783 471 Vi.
807 411 1087 474 EPIGRAMMATA
1107 413 1373 475 ussulcnrouln.
1691 505 1692 508 Ἴ
1730 421 1788 482 Ξί3

219 542 333 620 πότνια,
347 541 392 600 καὶ
405 541 517 612 σπονδὴν
533 543 604 613 τήνδ’
620 545 820 624 ύποπυθμίδιον.

1039 555 1188 618 veneranda,
1203 560 1228 607 et
1237 557 1376 608 libationem
1388 557 1451 608 bauo
1465 559 1726 625 deiuusdoguttorum.

174 629 231 692 *llo
242 629 271 689 δί
284 629 319 709 μί
333 634 368 710 γ’,
379 633 414 698 ὡς
428 634 457 689 ἐκ
470 630 562 690 νούσου
576 631 719 711 άνιιρύσω,
735 625 785 692 ὧδε
795 633 840 693 καὶ
853 636 946 714 ἐχθρῆς
1007 643 1032 693 si
1043 659 1101 696 rero
1113 659 1153 696 me
1165 645 1278 710 quidem,
1291 649 1321 696 ut
1332 659 1346 697 ο
1357 647 1443 698 morbo
1455 649 1595 711 retraxisti,
1610 651 1645 700 sie
1656 655 1682 702 et
1695 650 1791 702 inbniea

218 723 248 780 lx
262 718 353 790 πενίης
368 716 453 799 ῥύσῃ,
470 717 526 787 δεἘο
538 719 741 800 χιμαιροίλύτην.

390 889 457 942 σοι.
483 861 747 942 nsnnruaxor.

174 1019 234 1091 Τὴν
246 1019 324 1090 ἁλίην
340 1017 477 1096 Εὔδημος,
492 1019 531 1100 ἐρ’
541 1011 572 1092 ἦς
586 1019 638 1079 ἅλα
652 1019 723 1080 λιτδν
738 1020 854 1081 ίπέσδοιν

213 1110 347 1187 χειμῶνας
361 1106 490 1186 μεγάλους
505 1105 624 1188 ἐξέφυγεν
648 1108 760 1182 δανίοιν,

1038 746 1068 784 εκ
1077 737 1219 798 paupertate
1228 733 1350 798 liberaris,
1361 737 1476 798 exspecta
1481 737 1788 800 capellam-mactatarum.

1260 881 1315 930 301.
1333 879 1534 930 cmulunclli.

1005 1021 1114 1072 salinum
1125 1022 1264 1084 Eudemus,
1278 1025 1304 1074 iu
1312 1038 1362 1089 quo
1374 1026 1409 1076 sal
1419 1029 1493 1077 tenue
1505 1027 1635 1078 comedens

1035 1111 1155 1174 procellas
1170 1125 1270 1176 magnas
1279 1113 1381 1165 evitavit
1389 1114 1539 1177 aris-alieni,

174 1198 237 1267 θῆκε
252 1200 319 1265 θεοῖς
333 1195 504 1275 Σαμόθρᾳξι,
515 1197 599 1274 λέγων
615 1196 655 1256 ὅτι
665 1197 760 1276 τήνδε,
776 1200 836 1258 κατ’
851 1199 940 1277 εὐχὴν,
1004 1197 1087 1260 posuit
1097 1198 1144 1249 diis
1158 1201 1369 1265 Samotbracibus‚
1385 1202 1485 1254 dicens:
1501 1204 1641 1255 lianccede
1653 1208 1723 1268 voto,

215 1274 325 1358 ὧλσσί,
342 1285 433 1352 συνθεὶς
447 1283 474 1354 ἐξ
490 1284 569 1362 ἁλὸς,
590 1277 636 1344 ὧδ’
653 1285 735 1349 ἔθετο.

417 1455 484 1504 ³02.
508 1393 716 1506 nunuluot.

1035 1287 1154 1352 opopuli,
1166 1295 1280 1342 serratus
1289 1305 1320 1342 ex
1335 1292 1385 1343 sale
1401 1291 1442 1341 hio
1452 1293 1544 1356 posuit.

1282 1438 1336 1483 302.
1354 1435 1507 1484 LEONiDAE.

173 1580 287 1656 Φεύγεδ’
305 1581 373 1640 ύπδκ
386 1582 521 1656 καλύύης,
537 1583 636 1642 σκύτιοι
656 1583 732 1661 μύες·
751 1583 807 1643 ούτι
821 1586 934 1666 πενιχρλ
1003 1590 1125 1655 Suiiugite
1137 1603 1168 1641 ex
1187 1591 1257 1654 ca'sa,
1271 1591 1419 1641 tenebricosi
1431 1605 1534 1642 mures:
1554 1592 1673 1642 miserum
1687 1593 1787 1646 minime

194 1673 265 1744 ’μῦς
279 1669 362 1742 σιπύη
378 1670 481 1750 βόσκειν
497 1661 551 1730 οἶδε
566 1671 713 1732 Λεωνίδεω.

172 1757 317 1838 Αὐτάρκης
327 1763 341 1815 δ
353 1757 467 1838 πρίσύυς
482 1757 550 1838 ἔχων
566 1758 618 1818 liis
630 1761 675 1819 καλ
685 1759 731 1820 δύο
744 1768 856 1840 κρῑμνα·

211 1848 242 1905 ίκ
255 1846 379 1926 πατέρων
394 1846 492 1919 ταύτην
512 1849 644 1927 ᾐνίσαμεν
665 1847 764 1924 βιοτήν.

170 1937 217 2016 Τῷ
231 1933 259 1994 τί
267 1934 435 2012 μεταλλεύεις
450 1941 540 1998 τοῦτον
551 1927 678 2018 μυχὸν,ὦ
692 1939 836 2018 ριλύλιχνε,

210 2023 265 2082 οὐδ’
284 2024 480 2085 άποδειπνιδίου
495 2026 632 2104 γενόμενος
646 2024 796 2100 σκυύάλου;

170 2111 291 2171 σπεύδων
306 2115 344 2179 είς
363 2113 458 2180 ἄλλους
472 2112 558 2180 οἴκους
566 2112 603 2174 ἴθι
618 2112 707 2192 (τάμδ
723 2116 750 2173 δὲ
763 2113 861 2194 λιτά),

209 2191 247 2259 ὧν
266 2200 482 2281 άποπλειοτίρην
494 2201 577 2262 οίσεαι
589 2202 734 2282 ἁρμαλιήν.
760 2273 761 2278 ¹

402 2367 469 2420 303.
493 2360 726 2422 ΑΡΙΣΤΩΝΟΣ.

1033 1677 1103 1728 norit
1115 1691 1200 1730 mures
1211 1691 1312 1744 passere
1324 1679 1451 1744 panarium
1464 1679 1582 1730 leonida.

1002 1766 1191 1818 contentus-est
1207 1780 1280 1818 senex
1299 1767 1481 1831 quaudobabet
1493 1769 1568 1818 salem
1582 1769 1607 1820 et
1624 1768 1686 1820 duos
1703 1784 1788 1834 panes·

1033 1866 1048 1902 a
1060 1854 1171 1917 patribus
1183 1853 1247 1904 bane
1255 1853 1413 1919 probavimus
1423 1856 1508 1906 vitam.
1611 1856 1768 1920 [hordeaceos
1780 1879 1785 1906 ε

1002 1942 1054 1992 Cur
1063 1941 1138 2007 igitur
1148 1941 1402 2008 fodiens-pervestigns
1415 1944 1464 1994 tale
1475 1957 1576 2004 aarum,
1587 1958 1602 1994 ο
1612 1944 1731 2009 liguritor,

1032 2033 1180 2082 actmcoenae
1189 2044 1220 2081 ne
1229 2032 1390 2097 purgamenta
1405 2031 1506 2096 quidem
1518 2035 1679 2098 gustaturus?

1000 2119 1115 2170 Festinus
1125 2119 1157 2169 ad
1166 2119 1226 2170 alias
1236 2119 1299 2171 vade
1313 2119 1401 2172 domos
1412 2122 1481 2185 (mea
1491 2121 1556 2172 οαὶεα
1568 2124 1626 2173 sunt
1637 2122 1753 2185 tenuia),

1033 2218 1061 2256 ex
1077 2205 1168 2270 quibus
1180 2204 1384 2256 abundantiorem
1394 2208 1493 2258 auteres
1502 2207 1605 2258 rictum.

1271 2376 1327 2422 30³.
1344 2373 1514 2424 ARISTONIS.

170 2485 207 2556 Ὦ
220 2495 300 2574 μύες,
315 2500 338 2556 εἰ
351 2497 398 2574 μὲν
417 2501 459 2559 ἐπ’
474 2501 552 2581 άρτον
567 2499 720 2575 ἐληλύθαά,
734 2503 759 2569 ἐς
776 2502 858 2582 μυχὸν
877 2503 956 2562 ἄλλον
1002 2514 1135 2574 ommes,
1150 2513 1169 2562 ei
1183 2513 1253 2576 panis
1269 2512 1452 2577 petendiuausa
1466 2513 1582 2576 venistis,
1594 2513 1626 2564 ad
1635 2527 1696 2564 οονο
1708 2513 1754 2564 alia

210 2589 325 2670 στείχετ’
341 2591 419 2669 (ἐπεί
431 2590 506 2663 λιτλν
520 2592 640 2670 οἰκέομεν
654 2593 809 2675 καλύύην),

170 2669 199 2736 οὗ
216 2679 260 2738 καί
274 2679 353 2738 πίονα
366 2679 443 2759 ευρδν
457 2679 635 2760 άποδρίψεσθε
648 2681 693 2740 καὶ
708 2681 774 2754 αὔην

210 2767 323 2846 ἰσχάδα,
342 2765 388 2826 καλ
402 2768 506 2827 δεῖπνον
523 2768 619 2848 συχνδν
634 2768 687 2828 ἀπὸ
701 2770 853 2830 σκυύάλιυν.

171 2855 203 2913 ui
217 2855 242 2912 δ’
256 2857 283 2913 ίν
298 2855 375 2928 ἐμαῖς
391 2853 506 2935 βίύλοισι
520 2855 599 2915 πάλιν
614 2856 769 2928 καταδήξετ’
784 2857 893 2931 ὀδόντα,

210 2939 366 3021 κλαύσεσά,
379 2945 426 3003 οὐκ
439 2944 535 3023 ἀγαδδν
545 2947 635 3022 κῶμον
651 2945 832 3024 ἐπερχόμενοι.

438 3113 504 3165 304.
526 3105 685 3165 ΦΑΝΙΟΥ.

171 3237 265 3299 ’Asela’
280 3229 302 3298 ὦ
317 3238 488 3318 καλαμευτίτ,
505 3240 565 3299 ποτὶ
577 3241 649 3321 ξερδν
664 3243 718 3302 ἔλθ’
730 3243 782 3302 άπὸ
795 3244 905 3323 πέτρας,

190 3340 195 3348 “
209 3327 257 3386 καί
273 3351 306 3405 με
318 3327 382 3387 λάθ’
393 3328 507 3408 εὖάρχαν
521 3327 620 3408 πρώϊον
635 3330 762 3408 ἐμπολία.

170 3414 237 3476 Ain
250 3417 283 3476 σύ
295 3418 321 3494 γ’
331 3419 357 3475 δν
372 3415 460 3495 κύρτῳ
474 3417 676 3497 μελανουρίδας,
692 3417 748 3477 αίτε
759 3419 805 3475 τιν’
816 3419 903 3498 άγρεῑς

210 3504 362 3585 μορμύρον,
373 3503 390 3576 ἢ
401 3503 513 3583 κίχλην,
527 3504 545 3576 ἣ
557 3505 673 3585 σπάρον,
688 3505 704 3576 ἢ
721 3506 854 3585 σμαρίδα,

172 3590 276 3650 αὐτόθεν
292 3591 414 3658 αιίδάσεις
434 3616 467 3669 με
479 3592 523 3650 τὸν
535 3594 565 3652 ού
577 3592 669 3674 κρίας,
684 3594 752 3652 ἀλλὰ
767 3592 901 3652 Θάλασσαν

210 3684 346 3758 τιμῶντα,
357 3684 479 3762 ψαφαροῦ
493 3682 644 3757 κλάσματος
657 3684 692 3747 είς
703 3680 817 3740 ἀπάταν.

173 3771 312 3837 Χαλκίδος
324 3771 356 3842 ἢν
370 3771 398 3828 δὲ
413 3772 492 3851 pipp<
501 3771 698 3850 φιλακανθίδας,
709 3769 727 3842 ἦ
737 3792 795 3828 τινα
808 3767 928 3849 θρίσσαν,

210 3859 329 3939 εύάγρει·
341 3859 440 3917 λιθίναν
458 3859 487 3917 οὗ
504 3858 556 3939 γὰρ
570 3859 623 3938 ἔχω
638 3857 752 3940 φάρυγα.

461 4098 518 4146 302.
538 4111 657 4145 ιιοαιυσε.

173 4223 223 4270 liae
237 4220 327 4270 alsiste
338 4237 389 4271 casa
405 4235 412 4270 ε
428 4236 483 4271 nam
497 4237 570 4290 parea
582 4222 692 4272 Leonidis
707 4230 743 4271 est
753 4235 801 4282 res,

201 4305 252 4352 Nee
266 4303 330 4354 bona
348 4304 471 4370 ρεεοοιιδίσ
484 4305 594 4356 muribus
602 4293 666 4356 areta
677 4319 759 4371 penus.

171 4385 265 4453 Quippe
277 4386 329 4436 seni
342 4387 399 4436 satia
407 4397 441 4438 eat
457 4388 519 4454 puls,
533 4389 617 4454 panis,
632 4399 655 4438 et
665 4401 805 4454 aequoreum
819 4385 867 4446 sel;

201 4471 259 4518 riae
275 4467 308 4518 ab
316 4469 367 4518 aris
379 4469 415 4518 illi
426 4469 475 4519 vita
486 4470 572 4520 relicta
582 4472 660 4537 piacet
674 4487 681 4522 :

170 4553 243 4601 Parve
255 4551 377 4618 liguritor,
390 4551 494 4602 curbare
508 4555 642 4619 penetralia
656 4555 756 4617 taratros,

202 4636 230 4683 lu
241 4633 332 4700 quibu
341 4648 372 4686 ex
385 4649 452 4684 ooeua
464 4635 527 4685 mica
541 4651 585 4685 nee
594 4635 644 4685 ulla
653 4636 738 4686 cadit?

169 4717 256 4766 liostra
265 4716 331 4766 vides
341 4717 448 4784 quaesiui
461 4731 467 4766 ι
483 4716 561 4768 aliena
574 4717 600 4766 iu
613 4717 695 4767 iimina
707 4717 789 4782 migra,

201 4802 261 4850 Sunt
274 4799 380 4867 ubiquae
393 4799 484 4868 possint
498 4809 522 4851 te
534 4801 622 4850 saliare
641 4801 722 4866 depes.

446 4939 505 4988 ³03.
527 4953 664 4986 aeteruum.

170 5068 194 5121 si
207 5069 288 5136 petitis
299 5069 391 5120 rictum
404 5085 483 5121 mures
501 5070 608 5148 absistite
624 5085 695 5137 parce

203 5151 296 5203 Limine
309 5158 382 5203 :sunt
394 5169 448 5220 quar
464 5167 505 5203 vos
514 5169 586 5202 aurea
606 5161 668 5201 tecta
681 5159 779 5214 vocent,

171 5237 291 5288 Ficmubi
309 5237 377 5288 robis
393 5247 417 5288 et
434 5237 503 5304 copia
518 5235 594 5287 multa
611 5235 687 5286 coacti

1030 2601 1113 2653 vadite
1123 2601 1228 2666 (quippe
1240 2605 1340 2653 munem
1350 2600 1491 2652 habitamus
1500 2603 1611 2665 casam),

1000 2689 1043 2740 ubi
1056 2691 1081 2740 et
1095 2689 1211 2754 pinguem
1223 2703 1323 2740 caseum
1333 2689 1457 2740 abundetis
1468 2691 1493 2740 et
1504 2688 1594 2740 nomm

1031 2776 1119 2840 ileum,
1130 2780 1155 2828 et
1164 2790 1259 2828 mam
1271 2778 1363 2842 largam
1375 2781 1484 2842 capietis
1492 2791 1520 2828 ex
1529 2778 1702 2842 purgamentis.

999 2865 1025 2916 Si
1039 2879 1098 2916 vero
1110 2864 1135 2916 iu
1146 2867 1207 2916 meis
1215 2865 1284 2917 libris
1293 2867 1383 2916 iterum
1393 2865 1488 2916 acuetis
1498 2865 1611 2927 dentem,

1030 2952 1170 3018 plorabitis,
1184 2953 1274 3003 malam
1284 2953 1479 3003 somissationem
1491 2952 1618 3003 obeuntes.

1284 3118 1339 3164 304,
1358 3115 1492 3163 Pullum.

1000 3244 1143 3297 Olittoralis
1151 3243 1403 3307 piscator‚insicoum
1412 3241 1585 3311 veniamne,
1777 3299 1780 3306 ¹

1029 3336 1055 3384 et
1063 3345 1103 3382 me
1113 3331 1195 3396 aoeipe
1203 3330 1431 3394 bene-bicipieutem
1441 3331 1588 3380 matutinum
1599 3332 1741 3394 emptorem.

999 3421 1056 3472 sire
1064 3424 1093 3472 tu
1101 3419 1126 3470 in
1139 3433 1211 3470 nassa
1221 3419 1374 3482 memnonos,
1385 3419 1438 3469 sive
1446 3417 1513 3483 sapis
1522 3418 1628 3486 aliquem

1029 3524 1197 3575 mormyrum‚
1207 3510 1246 3560 uel
1256 3509 1366 3572 turdum,
1375 3509 1415 3560 rel
1424 3523 1533 3573 sparum,
1542 3508 1582 3558 rel
1590 3508 1733 3568 emaridem,

999 3601 1083 3652 statim
1095 3599 1230 3664 appellabis
1243 3613 1298 3660 me,
1312 3601 1354 3663 qui
1370 3613 1420 3650 non
1437 3612 1536 3650 munem
1546 3637 1553 3661 ‚
1564 3599 1607 3649 sed
1621 3611 1690 3648 mare

1029 3688 1148 3739 bonorem
1159 3727 1165 3750 ,
1176 3687 1234 3738 sicet
1244 3687 1315 3738 irusti
1325 3686 1464 3738 taedium-ut
1474 3687 1562 3738 taliam.

998 3777 1031 3827 ut
1042 3775 1164 3827 ολαλοὶδαε
1177 3777 1198 3826 si
1207 3777 1256 3826 iere
1265 3776 1384 3840 spinosas,
1394 3775 1434 3826 rel
1443 3776 1550 3839 aliquam
1560 3775 1685 3839 clupeam,

1031 3863 1282 3928 iaustoplscausmle
1299 3863 1439 3928 :lapideam
1455 3865 1521 3914 ουὶια
1536 3877 1585 3913 non
1597 3863 1675 3913 habeo
1690 3861 1778 3925 gulam

1032 4073 1120 4138 Laetis,
1133 4083 1157 4126 et
1171 4091 1184 4124 e
1199 4076 1272 4124 eoenis
1284 4077 1360 4124 altera
1371 4091 1438 4124 corna
1450 4076 1529 4125 datur.
1545 4097 1546 4100 ¹

999 4161 1031 4207 At
1045 4167 1138 4206 nostras
1152 4157 1238 4206 iterum
1253 4157 1333 4223 petitis
1348 4157 1367 4206 si
1380 4157 1451 4205 dente
1461 4171 1578 4223 papyros,

1031 4239 1148 4304 Flebilis;
1162 4239 1269 4307 expletos
1278 4249 1361 4289 muta
1370 4238 1459 4288 eborea
1472 4249 1562 4289 munet.

1297 4446 1355 4500 sos.
1372 4461 1479 4494 aunuum.

998 4649 1026 4695 lu
1041 4655 1131 4695 terram
1145 4645 1176 4696 de
1190 4661 1251 4713 nipe
1263 4646 1317 4695 reni
1331 4645 1444 4712 piscator,
1458 4653 1482 4694 et
1496 4661 1557 4694 ame

1032 4729 1113 4794 incipe
1125 4738 1248 4795 eapturam
1262 4728 1365 4778 uendere
1376 4743 1446 4777 mane
1459 4742 1537 4787 noro,

998 4817 1044 4864 sm
1058 4825 1097 4865 tua
1109 4813 1155 4864 tert
1167 4812 1256 4864 fiscella
1265 4813 1354 4863 bonam
1367 4811 1533 4874 melanurida,
1549 4810 1598 4860 sire

1032 4900 1172 4947 Mormoron
1179 4932 1188 4962 ,
1202 4906 1243 4947 aui
1254 4897 1346 4958 turdos,
1357 4903 1397 4945 aut
1409 4909 1505 4960 sparon,
1520 4901 1561 4941 aut
1574 4889 1685 4939 smaridn.

999 4983 1061 5032 Nam
1072 4997 1151 5041 mare,
1165 4997 1213 5031 non
1227 4996 1310 5030 earnes
1322 4979 1387 5028 conii
1403 4977 1461 5027 mihi
1478 4991 1484 5026 :
1496 4976 1566 5042 piscis
1577 4989 1658 5024 amoro

1032 5067 1073 5113 bie
1084 5072 1175 5130 spectas
1186 5063 1246 5113 alios
1255 5063 1279 5111 iu
1289 5077 1354 5110 mare
1368 5061 1429 5109 iorre
1439 5059 1514 5108 cibos.

1000 5153 1032 5199 m
1043 5149 1062 5197 ai
1073 5148 1119 5197 iera
1133 5147 1257 5214 clupeam,
1274 5147 1379 5210 reiquae
1389 5159 1454 5193 mare
1465 5141 1538 5207 gignit
1552 5138 1642 5198 erinae,

1032 5236 1105 5294 Perge
1114 5230 1233 5294 taleque:
1251 5228 1304 5292 guia
1319 5237 1412 5276 estnon
1425 5224 1529 5290 lapidosa
1542 5220 1610 5271 milri.
