3946 5952
231 389 270 430 n
494 347 499 356 ’
947 366 1114 429 incensu

232 505 382 577 cessisset,
396 505 557 564 factumest
572 515 620 576 ut,
637 501 821 562 Constantini
838 501 1013 577 Anthologia
1059 515 1192 581 srrscepta
1208 516 1252 562 est
1266 523 1332 581 quae
1348 503 1379 561 in
1401 521 1518 562 censum
1540 503 1642 562 venire
1657 504 1761 580 possit.
1783 504 1841 563 Sed

230 615 267 652 ex
291 592 437 665 tenebris,
466 580 574 672 quibus
598 609 651 670 per
674 591 760 668 plura
784 590 888 648 saecula
910 587 1014 648 obruta
1060 610 1148 667 quum
1170 591 1278 650 eruditi
1294 591 1412 668 quidam
1429 590 1577 661 homines,
1592 593 1643 668 qui
1659 611 1759 666 graecae
1774 614 1844 670 poe·

233 682 338 754 luerat,
363 681 394 739 in
418 681 511 738 lucem
541 690 708 758 protracta,
734 673 875 736 Planudis
905 697 1011 756 opera,
1059 698 1107 737 sos
1130 680 1258 738 studium
1284 699 1350 738 cum
1374 679 1466 739 Musis
1489 679 1588 738 latinis
1610 679 1842 756 conjunxerant,

231 771 319 850 crrjus,
334 769 409 828 ratio
424 780 453 828 et
478 767 582 826 modus
608 781 667 826 lum
687 766 803 825 demum
826 767 962 843 cognosci
985 780 1013 825 et
1059 767 1269 845 epigrammata
1290 767 1366 827 haud
1392 787 1497 846 pauca,
1516 767 1647 826 ludentes
1671 770 1844 846 plerumque

232 859 356 934 intelligi
376 869 504 934 poterat,
526 876 543 914 a
565 855 746 915 doctissimis
767 853 938 914 hominibus
953 875 1011 912 non
1058 868 1087 912 et
1102 856 1182 914 aliud
1206 869 1338 932 agentes,
1363 856 1394 914 in
1409 856 1532 915 latinum
1553 875 1716 916 sermonem
1737 861 1843 918 vertis-

231 948 295 1006 sine
305 964 406 1016 causa,
419 946 487 1016 sed,
500 957 532 1002 ut
542 944 615 1002 mihi
631 944 748 1021 quidem
761 941 886 1014 videtur,
902 942 1013 1021 nrajore
1058 957 1138 1015 sent,
1155 965 1213 1002 non
1231 964 1332 1003 omnes
1344 946 1447 1002 eodem
1464 965 1620 1022 successu,
1634 945 1683 1004 sed
1701 946 1785 1004 multi
1798 967 1842 1006 sa·
1881 938 1885 946 ’

231 1053 317 1112 quam
340 1052 394 1110 par
417 1045 478 1090 erat
496 1031 653 1090 acerbitate
678 1030 960 1109 reprehensionibus
985 1044 1013 1090 et
1059 1031 1095 1090 tis
1121 1031 1315 1110 probabiliter
1350 1031 1407 1112 (Ἴ,
1440 1033 1545 1092 saeculo
1571 1033 1685 1092 decimo
1717 1035 1842 1112 septimo

231 1122 374 1182 conviciis
390 1121 639 1200 proscinderetur.
1057 1121 1168 1180 exstitit
1189 1121 1273 1179 lluoo
1294 1121 1441 1192 Gnosius,
1468 1121 1516 1180 vir
1538 1122 1664 1182 eximius
1687 1137 1714 1180 et
1733 1123 1764 1180 in
1790 1125 1843 1182 illo

271 1209 353 1270 Sicut
365 1222 474 1282 autem,
489 1207 566 1287 quod
582 1207 729 1279 diximus,
746 1208 931 1266 Constantini
945 1207 1011 1265 llo·
1058 1229 1176 1287 quoque
1197 1210 1322 1280 saeculo,
1346 1208 1491 1267 nobilium
1515 1210 1702 1286 ingeniorum
1725 1211 1844 1270 teracis-

231 1299 335 1376 rilegio
357 1297 538 1375 antiquiores
556 1296 602 1355 illi
625 1295 822 1377 stipaverunt
842 1317 908 1355 cum
923 1295 1012 1375 adalp
1058 1297 1150 1369 simo,
1164 1317 1180 1356 a
1195 1298 1296 1374 paucis
1313 1311 1484 1374 superatus,
1501 1301 1552 1374 qui
1566 1311 1632 1374 post
1645 1299 1761 1374 eclogas
1773 1320 1843 1377 poe·

231 1386 359 1461 Agathino
374 1383 509 1443 manibus
523 1383 675 1442 bominum
691 1384 805 1442 excussi
824 1383 954 1456 suerunt,
973 1385 1014 1443 ita
1059 1387 1129 1444 ticas
1140 1406 1176 1444 cx
1186 1399 1310 1463 utroque
1321 1384 1444 1444 ioannis
1457 1384 1565 1444 Stobaei
1580 1406 1668 1463 opere
1677 1403 1841 1466 excerptas,
1859 1389 1867 1398 ’

230 1475 325 1552 ipsum
342 1472 526 1532 Constantini
545 1484 697 1550 syntagma
718 1470 859 1530 Planudis
879 1491 967 1551 opere
981 1474 1012 1531 in
1058 1476 1235 1551 alteramque
1269 1475 1349 1532 illam
1382 1474 1582 1532 collectionem
1611 1475 1741 1533 locorum
1774 1478 1842 1537 illu·

230 1561 594 1620 oblirionem'adducturn
623 1573 676 1619 est.
703 1558 775 1617 Nam
807 1574 872 1638 post
898 1573 1012 1619 renatas
1058 1563 1160 1622 strium
1189 1581 1225 1621 ex
1252 1562 1386 1638 Tragicis
1413 1561 1598 1638 Comicisque
1628 1563 1748 1638 graecis,
1777 1586 1842 1642 quae

229 1650 335 1708 saeculo
350 1649 463 1708 decimo
478 1649 582 1726 quinto
605 1646 704 1705 literas
724 1646 866 1706 Planudis
891 1646 1012 1706 Florile·
1059 1652 1158 1709 omnia
1173 1651 1275 1709 eodem
1293 1663 1452 1708 metrorum
1472 1669 1577 1726 genere
1592 1650 1691 1709 latinis
1707 1653 1843 1712 versibus

230 1739 328 1814 gium,
349 1748 414 1814 post
433 1737 557 1814 primam
583 1734 774 1793 editionema
795 1734 869 1794 Jarlo
892 1735 1012 1794 lisono
1058 1753 1255 1817 expresserat,
1296 1738 1499 1814 hothologiam
1540 1757 1656 1816 quoque
1697 1740 1841 1816 integram

229 1825 388 1902 Byzantina
417 1823 570 1882 Florentiae
608 1823 711 1881 factam
742 1823 799 1900 (⁴¹),
826 1822 930 1882 crebro
961 1845 1013 1903 per
1057 1829 1157 1886 eadem
1174 1827 1288 1886 ratione
1301 1826 1469 1885 vertendam
1486 1827 1623 1904 suscepit.
1639 1827 1724 1896 Quod
1741 1827 1778 1887 ab
1793 1849 1840 1900 eo,

228 1914 303 1972 alios
318 1932 383 1971 cum
398 1913 429 1970 in
445 1911 545 1970 eadem
565 1909 657 1991 urbe,
674 1922 734 1968 lum
750 1909 878 1970 veneriis
892 1924 920 1969 et
941 1913 1011 1970 alibi
1058 1934 1126 1972 serre
1141 1915 1348 1990 sexagenario,
1365 1933 1477 1972 summa
1492 1935 1556 1972 cnm
1578 1927 1637 1972 arte
1653 1935 1704 1972 nec
1724 1917 1842 1975 minore

160 2014 174 2026 ‘
230 2003 308 2079 typis
323 1999 476 2079 repetitum
495 1997 565 2078 (Ἢ,
578 1999 795 2058 commentariis
809 2000 894 2057 etiam
911 2001 1012 2060 aduo·
1058 2002 1210 2078 diligentia
1225 2001 1384 2080 perlectum
1404 2019 1469 2058 esse
1483 2021 1583 2059 omnes
1605 2022 1664 2060 rnro
1678 2022 1729 2060 ore
1745 2005 1841 2062 laten-

231 2091 287 2150 bus
299 2088 518 2147 Franco-Gallis
529 2130 537 2163 ,
549 2087 662 2146 ιΙοιιιιιι
679 2086 820 2158 Bnonno,
833 2087 858 2144 T
860 2089 1011 2166 tironensi,
1059 2103 1115 2149 tur.
1132 2090 1237 2148 Verum
1258 2089 1314 2147 hoc
1332 2102 1388 2146 lam
1411 2089 1550 2147 eximium
1572 2109 1646 2166 opus
1670 2112 1758 2168 qurrrn
1784 2115 1842 2152 una

231 2193 260 2237 et
272 2177 433 2236 Vmcnrrrro
447 2176 591 2235 Orsoreno
609 2175 681 2254 (Ψ)
702 2174 878 2234 illustratum
901 2188 953 2234 est.
978 2175 1010 2234 ln
1057 2197 1121 2234 cum
1139 2191 1217 2235 textu
1234 2195 1328 2252 graeco
1340 2176 1477 2253 plurimis
1491 2195 1549 2232 ase
1564 2175 1637 2233 locis
1653 2178 1759 2236 rectius
1772 2201 1842 2238 con·

232 2266 341 2346 quibus
354 2264 536 2324 editionibus
552 2277 638 2342 atque
653 2263 870 2322 commentariis
892 2263 962 2340 quid
976 2265 1011 2324 ad
1057 2269 1156 2324 stituto
1168 2265 1300 2323 editurus
1312 2277 1402 2336 esset,
1415 2263 1631 2341 editionemque
1643 2265 1779 2323 instantis
1791 2267 1840 2326 lati

230 2353 438 2414 emendandam
461 2351 721 2430 illustrandamque
748 2351 949 2430 anthologiam
974 2355 1012 2412 sit
1057 2355 1180 2431 quadam
1197 2354 1394 2431 praesensione
1408 2367 1541 2428 urgeret,
1563 2365 1656 2410 morte
1674 2367 1842 2430 praeventus

229 2441 409 2520 praestitum,
426 2458 574 2517 exponere
594 2441 690 2497 conati
706 2459 806 2498 sumus
822 2440 852 2496 in
874 2440 1011 2516 Prolego-
1056 2456 1099 2501 est
1119 2443 1180 2520 (Ἢ.
1197 2441 1272 2499 llinc
1295 2441 1398 2499 lactum
1419 2454 1462 2498 est
1477 2453 1509 2497 nt
1530 2453 1624 2499 lentus
1644 2460 1660 2498 a
1682 2441 1786 2499 Grotio
1805 2445 1841 2501 ad

229 2530 322 2588 rnenis
332 2528 430 2607 primo
446 2526 740 2586 Animadversionum
757 2539 921 2586 nostrarum
935 2548 1010 2606 prae·
1057 2535 1186 2592 criticam
1204 2532 1345 2590 rationem
1359 2534 1528 2588 emendatus
1543 2531 1669 2607 periret,
1686 2531 1775 2588 latina
1788 2552 1841 2590 au·

228 2619 294 2677 fixis
308 2617 467 2689 volumini3
482 2618 559 2675 unde
578 2629 676 2694 petant
696 2637 819 2694 qnorum
837 2617 898 2675 llaec
923 2639 1008 2678 nosse
1057 2635 1111 2680 tero
1129 2620 1328 2699 interpretatio
1343 2619 1394 2678 diu
1407 2620 1438 2677 in
1452 2618 1698 2677 bibliothecarum
1712 2619 1842 2680 tenebris

229 2705 359 2765 interest.
376 2705 421 2764 nd
436 2717 567 2763 nostrum
584 2705 739 2764 consilium
756 2705 865 2763 sufficit
882 2725 1010 2765 conone·
1056 2709 1172 2781 lateret,
1190 2709 1282 2766 donec
1302 2706 1451 2784 exemplar
1468 2705 1532 2782 ejus
1547 2725 1583 2764 ex
1604 2704 1784 2765 bibliotheca
1804 2708 1838 2767 P.

228 2813 357 2853 morasse
375 2794 498 2852 llaunrcr
511 2793 654 2850 Surenam
671 2813 788 2871 operam
806 2795 837 2851 in
855 2793 1010 2870 Florilegio
1056 2798 1213 2857 Burmanni
1238 2796 1362 2855 Secundi
1386 2795 1477 2872 (W),
1492 2794 1543 2871 qui
1566 2795 1695 2872 plurima
1716 2795 1788 2853 inde
1809 2797 1842 2854 in

228 2880 369 2939 Planudis
384 2901 449 2940 cum
466 2881 604 2939 onerariis
620 2881 755 2957 noctisque
769 2881 880 2939 criticis
894 2883 1008 2957 elegan-
1056 2887 1273 2947 cornrnenrariis
1285 2886 1347 2945 sois
1361 2884 1512 2953 excitavit,
1525 2883 1560 2940 ad
1577 2881 1841 2960 Hieronpotamon

229 2981 271 3026 ter
285 2967 397 3027 edendo
408 2968 565 3046 praeslitarn
579 2991 587 3039 ς
602 2987 689 3043 quam
700 2968 875 3043 editionem,
888 2969 1011 3028 Parisiis
1055 2982 1163 3048 nosen,
1175 2976 1272 3033 virum
1285 2994 1348 3032 cum
1361 2973 1449 3031 totius
1461 2970 1658 3048 antiquitatis,
1670 2984 1730 3028 tum
1744 2971 1842 3029 latinae

228 3075 362 3114 excusam
378 3075 455 3114 anno
471 3055 562 3125 1566,
576 3071 635 3112 11⁰ss
646 3055 734 3130 i0¹¹t30
748 3055 903 3114 intervallo
914 3071 1010 3115 secula
1055 3065 1192 3142 inprimis
1214 3081 1337 3140 poeseos
1361 3059 1610 3130 ornantissimum,
1628 3058 1753 3116 delatum
1774 3060 1842 3118 talis

228 3159 271 3205 est
285 3165 319 3204 ea
333 3166 395 3222 quac
412 3143 580 3203 aWechelii
592 3143 751 3203 heredibus
770 3145 892 3204 meliore
907 3146 1006 3203 consi·
1055 3154 1209 3220 editionis,
1235 3151 1349 3227 qualem
1379 3149 1500 3207 Grotius
1527 3160 1622 3205 mente
1648 3161 1839 3225 conceperat,

225 3233 267 3292 lio
281 3253 368 3312 quon
382 3233 486 3292 oiieeto
499 3245 655 3310 procurata
668 3246 712 3291 en
731 3231 912 3291 Francoinni
929 3253 1005 3290 nono
1056 3242 1210 3301 consiliunt
1226 3252 1351 3318 pareret.
1367 3237 1481 3295 Prodiir
1491 3236 1552 3294 haec
1564 3235 1674 3311 editio,
1686 3235 1840 3314 spectabili

230 3324 317 3382 1600.
330 3321 376 3380 lbi
389 3321 480 3380 textui
494 3321 690 3399 Stephaniano
702 3324 834 3400 apposita
846 3335 913 3380 suni
928 3321 1008 3379 scho-
1059 3332 1217 3390 fnnnnnnnn
1236 3326 1456 3403 magnitudine,
1474 3325 1638 3383 ninneton-nm
1658 3325 1773 3402 nitore,
1794 3340 1840 3402 ny.

227 3409 267 3466 lia
288 3428 305 3467 a
321 3407 534 3467 recentioribus
554 3408 667 3466 Graecis
692 3427 708 3466 e
727 3407 898 3483 vulgaribus
924 3407 1009 3466 libris
1056 3438 1161 3496 porum
1174 3416 1317 3492 elegantia
1334 3413 1430 3472 neniis
1446 3431 1476 3470 ne
1491 3432 1551 3490 pnae
1566 3412 1665 3470 multis
1680 3413 1746 3470 nliis
1761 3433 1841 3471 com-

226 3516 342 3556 mitata
359 3495 417 3574 ll),
437 3495 561 3572 Subjecii
575 3509 671 3554 autem
695 3497 895 3554 ⁰0fflss¹0ssi²¹⁸ii
914 3497 1009 3575 0p80·
1056 3508 1211 3578 mendam,
1231 3504 1299 3561 inde
1313 3501 1350 3560 ab
1368 3521 1445 3559 anno
1470 3501 1544 3576 ¹795
1564 3499 1659 3559 tribus
1678 3502 1840 3562 volumini·

226 3587 285 3662 poei
300 3598 328 3642 et
346 3584 478 3656 Brodaei,
491 3581 562 3641 ethi
577 3584 697 3659 quidem
715 3604 779 3642 cum
794 3585 1009 3644 tcoe⁵⁵i⁰l¹ib1¹⁵
1055 3594 1110 3653 bus
1118 3638 1127 3667 ,
1139 3606 1230 3651 totum
1243 3590 1398 3648 Planudeae
1412 3588 1601 3664 florilegium
1614 3608 1679 3647 cum
1692 3589 1841 3651 hiantissis

226 3672 379 3730 iiiiiOdaeO
394 3671 540 3749 Proiectis·
1056 3681 1205 3740 nonnullis
1230 3679 1497 3758 praestantissimis,
1527 3678 1627 3735 omnia
1648 3697 1714 3736 cum
1742 3678 1841 3738 Grotii

264 3760 335 3820 Post
348 3759 422 3818 hanc
434 3758 592 3817 editionem
608 3758 730 3836 perduo
744 3760 802 3818 lere
813 3762 916 3819 saecula
929 3763 1010 3821 nulla
1056 3769 1296 3847 interpretatione
1316 3786 1410 3842 graeco
1436 3765 1528 3823 textui
1552 3785 1568 3824 e
1590 3766 1708 3841 regione
1725 3767 1838 3844 posita,

1055 3854 1329 3935 complectentibus.
1351 3855 1403 3913 llis
1425 3852 1570 3930 adjectum
1593 3868 1636 3912 est
1659 3874 1736 3912 anno
1765 3857 1841 3915 1810

258 3915 292 3982 p)
307 3921 376 3968 ΜΟ
390 3922 465 3978 “⁹4²
486 3917 564 3968 lm
579 3921 614 3979 ρ’
631 3916 707 3967 “lim
722 3917 859 3968 uncialibus
883 3933 945 3981 ‘¹³³⁸
967 3935 1010 3969 ω’
1056 3960 1191 4026 quartum
1204 3944 1363 4021 volumen,
1380 3941 1459 4020 quod
1475 3954 1581 4019 praeler
1594 3942 1719 4001 ineditas
1740 3947 1841 4002 Fride-

224 3991 282 4039 cant
294 3988 374 4040 literis
387 4001 510 4054 expressa.
535 3986 597 4038 vide
611 3986 696 4038 wollii
718 3988 826 4039 analect.
845 3989 893 4039 litt.
912 3990 969 4039 fasc.
987 3993 1007 4052 i,

224 4073 248 4124 p.
261 4065 305 4112 idi
318 4073 387 4124 seqq.

253 4133 302 4198 (a)
313 4131 386 4199 Apud
400 4133 489 4185 hldntn
499 4147 522 4183 a.
538 4137 606 4194 150³,
624 4137 679 4184 1521
699 4134 812 4190 ct155ll3
830 4132 895 4195 apud
908 4133 1010 4182 iuratam
1085 4133 1119 4196 ι’)
1138 4132 1223 4182 Obiter
1240 4132 1288 4180 hoc
1301 4131 1356 4180 loco
1369 4126 1616 4178 commemorabimus
1640 4125 1773 4178 editionem
1788 4132 1840 4177 An-

224 4205 352 4256 Florentito
368 4218 392 4255 a.
410 4208 485 4262 lolia
504 4217 543 4269 ap.
555 4203 658 4254 Badium
672 4209 772 4255 ascens.
787 4201 883 4254 Parisiis
896 4217 918 4253 a.
936 4209 1007 4265 15313
1053 4201 1167 4267 lirologiao
1190 4202 1221 4252 ab
1242 4200 1350 4251 Aridrea
1368 4201 1462 4248 illotos
1484 4201 1639 4261 susceptam,
1654 4212 1710 4260 quae
1736 4198 1841 4262 singulis

222 4277 288 4340 epod
298 4275 422 4326 Nicolinos
435 4275 582 4336 sablonosa,
601 4277 690 4326 venet.
708 4281 776 4327 1550.
1053 4271 1233 4338 epigrammatis
1245 4269 1365 4333 Florilegii
1380 4267 1512 4328 Planudei,
1530 4267 1597 4332 quod
1617 4267 1642 4316 in
1658 4267 1784 4319 chiliades
1798 4267 1838 4317 di-

212 4398 215 4404 ,
256 4347 317 4410 l***)
332 4348 450 4411 oproool
463 4345 655 4397 commentarius
670 4346 695 4396 in
714 4350 765 4397 tres
784 4347 1006 4411 priorcshnlholo-
1053 4345 1126 4406 risit,
1140 4342 1234 4393 addidit
1250 4353 1337 4391 omnes
1351 4338 1567 4401 interpretationes
1579 4337 1694 4388 metricas
1707 4338 1840 4389 undecum-

224 4417 271 4480 giae
292 4417 369 4468 libros
385 4421 410 4468 et
430 4417 456 4467 in
473 4417 605 4481 septimum
621 4417 729 4482 primurn
750 4418 841 4481 prodiit
860 4419 962 4469 Basileia
985 4433 1006 4468 a.
1052 4429 1100 4479 qno
1112 4427 1241 4466 corrosas:
1257 4411 1346 4463 titulus
1358 4409 1414 4460 libri
1434 4411 1563 4458 ireccnlos
1581 4409 1605 4458 cl
1624 4411 1732 4472 triptota
1754 4411 1840 4472 poetas

227 4492 299 4548 ιιιος
313 4487 418 4538 nrodci
427 4487 612 4539 observationes
625 4487 650 4537 in
661 4487 781 4552 intcgmm
797 4487 951 4552 Florilegium
961 4487 1007 4538 ibi·
1051 4486 1161 4536 omniam
1173 4484 1301 4535 nationum
1315 4479 1540 4544 lanigeratisoinos
1553 4482 1738 4530 commemorat.
1758 4479 1840 4529 Prima

222 4555 484 4621 nonannoeane.
503 4561 572 4610 liis.
1051 4558 1142 4608 tiitdias
1161 4555 1253 4622 prodiit
1269 4552 1358 4603 Gothae
1378 4564 1442 4601 anno
1463 4554 1542 4608 '10513
1560 4548 1663 4613 reliquae
1684 4548 1741 4598 dure
1761 4561 1839 4600 manu

254 4628 292 4692 (†)
303 4620 506 4691 [hlillcrosmens
515 4627 631 4678 Deiectus
641 4627 705 4678 duos
714 4627 914 4692 epigrammaton
926 4631 1006 4680 oslen-
1050 4631 1157 4678 exaratio
1167 4626 1298 4674 semanim
1312 4621 1337 4671 in
1352 4619 1504 4671 bibliotheca
1513 4618 1685 4669 Urrirersitatis
1695 4617 1837 4681 lipsiensis.

221 4698 258 4750 dit
273 4697 361 4749 ninia
378 4697 519 4762 Byzantinis
531 4696 673 4748 hominihus
686 4698 861 4749 commentario
872 4699 1006 4750 instructos
1082 4697 1130 4758 (⁰)
1145 4695 1272 4758 Specitnen
1293 4691 1422 4754 editionis,
1436 4692 1509 4754 cuj-tlt
1532 4704 1617 4740 curtim
1633 4691 1734 4740 Grotius
1753 4691 1838 4739 italico

221 4770 339 4832 verboso,
353 4769 525 4835 grammaticas
540 4781 618 4832 nugas
631 4771 657 4818 et
670 4781 741 4819 omne
753 4783 830 4833 genus
840 4769 944 4836 ineptias
952 4783 1006 4821 nar·
1051 4768 1138 4820 vossio
1150 4766 1356 4824 demandaverat,
1368 4763 1473 4814 missum
1485 4763 1523 4812 est
1536 4761 1639 4812 Parisios
1652 4773 1737 4811 mense
1748 4762 1836 4839 ianua-

220 4844 305 4903 rantc,
318 4855 349 4893 ex
369 4838 471 4902 adem,
488 4841 517 4890 ut
531 4839 639 4898 ridetur,
661 4839 763 4889 ollrcina
781 4838 847 4891 unde
863 4840 1006 4904 prodierunt
1050 4837 1086 4887 rio
1107 4836 1164 4887 anni
1189 4841 1261 4894 ltili,
1286 4835 1544 4894 commemoraturque
1568 4830 1592 4880 in
1614 4829 1696 4880 Grotii
1721 4828 1835 4911 iipistolu

221 4913 313 4964 scholis
335 4926 392 4978 quo
416 4911 540 4977 speciosos
566 4911 665 4962 colicos
693 4912 873 4976 oppiancorum
893 4915 1003 4963 onerant.
1049 4925 1074 4974 p.
1092 4913 1147 4959 ilo.
1162 4910 1214 4956 lloc
1225 4907 1279 4969 ipso
1294 4919 1370 4966 anuo,
1386 4903 1470 4968 paucis
1484 4905 1540 4966 post
1558 4902 1699 4964 mensibus¹
1715 4914 1753 4949 nr
1767 4913 1831 4949 suro·

221 4983 289 5034 'ralia
302 4998 360 5035 cum
376 4983 450 5036 ladio
465 4996 564 5034 summo
575 4985 760 5046 percurruntur.
777 4982 867 5032 Similis
880 4983 955 5034 inerit
966 4997 1009 5033 eo.
1050 4993 1105 5029 mus
1121 4979 1254 5029 defunctus
1267 4981 1305 5026 cst
1318 4974 1422 5040 Augusti
1433 4987 1467 5024 nr.
1481 4972 1520 5024 die
1533 4976 1572 5023 28.
1760 5039 1774 5052 ..

221 5055 269 5104 dex
287 5056 433 5118 Vatimnus,
450 5053 511 5105 olim
532 5051 635 5103 Parisiis
652 5067 676 5102 n.
699 5057 739 5113 it,
758 5051 790 5102 de
809 5065 860 5116 qno
881 5053 971 5104 Hosius
998 5076 1004 5106 i
1081 5050 1142 5110 lm)
1158 5054 1193 5100 lle
1206 5047 1253 5099 hoo
1269 5047 1351 5111 operis
1371 5043 1566 5109 prestantissimi
1581 5043 1714 5108 exemplari
1734 5041 1838 5103 alrrsquo

222 5144 234 5168 o
252 5126 367 5176 Continet
380 5125 558 5191 epigrammata
573 5125 630 5174 crim
646 5123 745 5174 scholiis
756 5123 891 5175 maximam
910 5129 1004 5175 narlorn
1050 5119 1197 5185 quibusdam
1213 5117 1359 5188 apographis
1368 5119 1481 5168 accurate
1493 5113 1595 5166 tradidit
1607 5112 1753 5164 chardonus
1768 5109 1836 5162 dela

221 5195 253 5246 ad
269 5209 321 5246 rem
335 5197 518 5260 grammaticam
532 5193 721 5260 pertinentibus.
735 5213 746 5238 n
762 5200 767 5214 ·
1052 5187 1167 5237 noclrettc
1194 5189 1329 5254 antinoios
1339 5227 1345 5250 ,
1356 5191 1373 5239 t.
1386 5191 1407 5250 i,
1419 5202 1444 5254 p.
1456 5192 1501 5240 iii
1517 5198 1586 5248 seqq.
