3946 5952
532 431 656 492 clPo'l
676 431 724 492 IV.
749 430 937 492 Paoosslln
959 430 1295 496 ANTHOLOGIARUM.

143 555 219 644 εθχος
233 561 393 631 ἐπιστάξειεν
406 562 539 639 ἐπωνυμίη
554 563 701 643 Θεοδώρου.

185 654 283 730 Πρῶτοι
299 649 327 708 δέ
342 673 382 707 σοι
397 650 519 726 λέξαεμι,
530 652 747 729 παλαιγενέεσσιν
761 651 864 732 ἐρίζων,

141 740 260 816 ὅσσαπερ
270 739 417 818 ἐγράψαντο
429 737 487 810 νέης
504 743 636 817 γενετῆρος
648 741 737 811 άοιδῆς

91 857 127 896 tlt
140 834 176 895 ὡς
187 826 323 910 προτέροις
336 828 500 904 μακάρεσσιν
512 828 648 902 ἀνειμένα·
663 830 708 886 καὶ
724 828 775 907 γὰρ
784 825 863 906 Ιἐῴκει

139 917 299 997 γράμματος
314 914 434 996 άμχαίοιο
446 913 523 994 σορὸν
539 914 648 990 μίμημα
662 915 782 995 φυλάξαι.

182 1004 262 1065 illel
282 1005 363 1064 πάλιν
379 1006 436 1080 μετ’
452 1006 537 1061 ἐκεῖνα
552 1003 709 1084 παλαίτερον
731 995 805 1081 εύχος
826 1000 922 1080 ἀγείρει

140 1091 260 1172 ὅσσαπερ
271 1091 289 1165 ἢ
307 1089 460 1171 γραρθδισσι
470 1087 623 1170 χαράξαμεν
637 1091 653 1162 ἤ
665 1114 714 1150 τινι
727 1089 821 1170 χώρῳ,

141 1179 194 1239 εἴτε
205 1181 249 1240 καλ
264 1179 401 1252 εὐποίητον
417 1179 460 1237 ε’πλ
476 1177 584 1256 βρέτας,
599 1177 650 1236 εἴτε
664 1178 709 1237 καὶ
725 1177 805 1249 ἄλλης

90 1286 128 1325 rso
141 1267 238 1345 τέχνης
253 1266 405 1346 ἐργοπόνοιο
416 1267 636 1344 πολυσπερέεσσιν
653 1264 763 1331 ἀέθλοις.

184 1355 239 1414 Καὶ
254 1353 378 1435 τριτάτην
395 1351 509 1437 βαλύῑθα
521 1351 635 1423 νεήνιδος
649 1351 743 1430 ἔλλαχε
760 1350 850 1430 βίθλου

141 1440 211 1502 ὅσσα
224 1442 317 1519 θέμις,
330 1441 455 1519 τύμθοισι
469 1439 553 1519 τάπερ
565 1440 620 1508 θεθς
633 1444 659 1499 ἐν
675 1438 722 1516 μέν
738 1440 812 1520 ἀοιδῇ

140 1531 271 1591 ἐκπλέειν
281 1529 412 1602 νούσοισι,
423 1533 449 1588 έν
461 1532 568 1608 άτρεκῖη
579 1530 606 1587 δδ
622 1527 719 1588 διώκοι.

180 1616 275 1680 Ὄσσα
289 1620 318 1678 δέ
333 1619 379 1677 καλ
395 1618 492 1695 βιάτοιο
505 1617 714 1695 πολυσπερέεσσι
728 1616 855 1681 κελεύθοις

92 1737 127 1776 ης
141 1708 304 1789 γράμαμεν,
320 1707 446 1772 imario<
462 1707 489 1764 δὲ
510 1704 591 1784 τύχης
607 1709 757 1785 σραλεροῐσι
773 1704 923 1774 ταλάντοις,

142 1797 233 1881 δέρκεό
246 1820 290 1874 μοι
303 1795 403 1875 βῖίλσιο
416 1792 489 1870 παρὰ
501 1794 616 1871 κρηπῖδα
627 1792 764 1870 τετάρτην.

183 1887 238 1947 Ναὶ
251 1885 325 1965 τάχα
341 1884 389 1942 καὶ
401 1883 532 1958 πέμπτοιο
544 1880 620 1959 χάρις
632 1879 743 1947 θέλξειεν
757 1878 864 1951 ἀέθλου,

143 1975 240 2034 δππόθι
251 1971 435 2054 κερτομέοντες
447 1968 590 2030 ἐπεσθολον·
599 1959 665 2046 ἦχον
678 1969 766 2038 ἀοιδῆς

144 2063 297 2142 γράψομεν.
336 2058 460 2120 Ἕκταῑον
471 2056 498 2114 δὲ
510 2055 587 2134 μέλος
597 2056 747 2114 κλέπτουσα
758 2052 866 2132 Κυθήρη

93 2166 133 2206 τεο
148 2153 185 2216 εἰς
195 2151 290 2230 ὀάρους
301 2148 395 2226 ἐλέγοιο
407 2144 584 2226 παρατρέψειε
598 2143 705 2222 παρείην

149 2241 195 2298 καὶ
208 2235 346 2320 γλυκεροθς
358 2239 382 2303 ἐς
396 2235 506 2314 ἔρωτας.
524 2231 572 2293 Ἐν
586 2229 720 2309 {Scepsim
735 2231 762 2288 δέ
780 2229 891 2308 μελίσση

149 2327 308 2408 εὗρροσύνας
323 2324 453 2403 Βάκχοιο,
468 2319 641 2400 φιλοκρήτους
659 2342 687 2376 τε
701 2318 823 2398 χορείας,

147 2419 191 2477 καὶ
207 2413 339 2489 μέθυ,κα“ι
354 2415 473 2491 κρητῆρα
483 2455 491 2485 ,
502 2409 547 2467 καὶ
558 2407 635 2468 ὄλὸια
650 2409 740 2466 δεῖπνα
752 2407 864 2480 νοήσεις.

421 2567 448 2616 4.
466 2567 526 2612 ΤΟΥ
544 2565 650 2612 ΛΠΟΥ.

147 2709 249 2777 Στῆλαι
264 2705 310 2762 καὶ
323 2702 445 2781 γραρέθες
456 2701 500 2760 καὶ
515 2699 634 2778 κύρθιες,
647 2697 804 2777 εύρροσύνης
819 2697 867 2773 μέν

184 2795 255 2853 αἴτια
271 2801 325 2858 τοῖς
338 2795 421 2847 ταῦτα
433 2787 604 2862 κτησαμένοις
617 2787 748 2860 μεγάλης,

147 2886 203 2942 ἄλλ’
213 2887 240 2949 ἐς
253 2880 315 2940 ὅσον
330 2878 436 2946 ζώουσι·
454 2875 487 2934 τά
501 2873 552 2953 γάρ
567 2875 629 2934 κενδι
645 2873 724 2932 κύδεα
737 2876 827 2954 peusin

183 2973 283 3052 ψυχαῖς
292 2965 437 3046 οἰχομένων
449 2966 477 3022 οὗ
493 2964 564 3036 μάλα
579 2961 752 3041 συμφέρεται·

107 3104 119 3140 ,
145 3059 198 3133 ἡδ’
215 3057 295 3136 ἀρετὴ
310 3052 401 3133 σορίης
412 3075 439 3110 τε
453 3051 528 3130 χάρις
541 3049 585 3109 καλ
597 3057 662 3109 κεῖθι
676 3049 808 3129 συνέρπει,

187 3145 300 3207 ascib
316 3141 441 3220 μιμνάζει
454 3143 563 3215 μνῆστιν
575 3135 746 3218 ἐφελκομένη.

148 3233 245 3300 olm<
257 3231 315 3290 οὔτε
333 3227 446 3290 Πλάτων
460 3223 609 3306 βρενθύεται
623 3221 675 3280 οὔτ’
693 3217 760 3301 [ἄρ’]
773 3215 896 3298 Ὅμηρος

185 3320 327 3403 χριύμασιν
336 3317 354 3390 ἢ
364 3314 487 3386 στήλαις,
498 3311 566 3372 illl
580 3309 646 3390 μάνη
660 3307 748 3388 σοφίῃ.

145 3391 257 3476 Ὀλθιοι
271 3399 307 3467 ὧν
321 3405 414 3485 μνήμη
427 3404 537 3462 πινυτῶν
554 3399 591 3459 ivl
603 3397 708 3478 τεύχεσι
723 3394 836 3476 βίὸλων,

99 3515 121 3555 ¹⁰
186 3500 248 3560 ἀλλ’
262 3499 310 3557 οὔκ
321 3497 347 3564 ἐς
360 3491 449 3560 κενεὰς
460 3488 559 3555 εἰκόνας
567 3487 671 3547 ἐνδιάει.

967 569 1042 619 decus
1051 570 1176 622 instillavit
1184 572 1450 636 prescriptum-nomen
1464 574 1592 624 Tlreodori.

998 658 1078 707 Primo
1088 663 1171 710 autem
1182 661 1227 712 tibi
1236 661 1348 726 seligam,
1358 653 1471 724 antiquo's
1481 664 1619 720 aernulatas,

967 759 1130 810 quencumque
1144 749 1294 812 scripserunt
1306 763 1377 798 norm
1388 753 1469 812 patros
1481 749 1607 798 cantilenae

967 837 994 883 ut
1009 835 1131 885 veteribus
1141 835 1187 886 diis
1197 840 1350 896 consecrem
1361 837 1481 900 siquidem
1492 836 1574 886 decuit

967 923 1092 974 literarum
1103 925 1258 988 antiquarum
1270 925 1368 975 doctam
1379 925 1537 975 imitationem
1551 939 1655 976 serrare.

998 1010 1046 1060 Sed
1057 1025 1143 1074 rursus
1155 1016 1211 1076 post
1224 1012 1264 1062 illa
1278 1011 1403 1075 antiquius
1420 1015 1505 1062 notum
1518 1012 1620 1076 colligit,
1653 1013 1744 1075 [quem

966 1110 1121 1162 quecunque
1136 1101 1173 1150 rel
1190 1100 1214 1148 in
1224 1099 1331 1162 picturas
1347 1098 1506 1163 scripsimus,
1523 1101 1563 1150 rel
1577 1101 1692 1150 inlocum
1705 1101 1746 1150 ali-

967 1186 1018 1237 sirc
1031 1188 1055 1238 in
1071 1188 1265 1238 allabrotactam
1279 1192 1399 1249 statuam,
1414 1187 1466 1238 sire
1481 1188 1583 1238 elalius

968 1277 1027 1326 artis
1038 1277 1164 1328 laboriosor
1174 1277 1357 1341 passimspersa
1365 1290 1447 1340 opera.

999 1368 1029 1416 Et
1037 1367 1122 1417 tertios
1136 1379 1245 1417 carceres
1260 1366 1318 1415 nori
1329 1365 1415 1416 sortita
1423 1367 1482 1416 sunt
1494 1365 1548 1414 libri

968 1458 1061 1516 quanto
1074 1455 1110 1504 los
1122 1455 1175 1514 luit,
1193 1455 1311 1518 sepulcris
1324 1467 1381 1516 quse
1395 1453 1456 1503 cleos
1468 1453 1492 1501 in
1506 1452 1612 1502 carmine

968 1544 1084 1605 perficere
1094 1544 1205 1593 annuerit
1217 1546 1241 1593 et
1256 1556 1340 1592 revera
1353 1545 1521 1605 persequatur.

1002 1635 1098 1690 ernnta
1109 1634 1192 1682 autom
1201 1630 1227 1680 in
1239 1631 1297 1680 vitm
1310 1628 1602 1692 multitariamclispersas
1616 1628 1715 1678 semitas

969 1721 1128 1786 scripsimus,
1147 1718 1314 1781 instabilisque
1328 1719 1431 1768 tortunro
1446 1717 1471 1765 in
1481 1715 1587 1766 lubricas
1601 1717 1697 1776 lauces,

970 1813 1052 1874 specta
1062 1809 1121 1858 mibi
1136 1807 1167 1856 ad
1183 1809 1295 1870 quartam
1306 1805 1362 1856 libri
1374 1805 1528 1868 crepidinem.

1000 1892 1201 1944 recensetum
1214 1891 1292 1953 quinti
1305 1891 1393 1941 alliciat
1407 1895 1433 1942 te
1445 1892 1522 1955 gratia
1538 1892 1640 1952 laboris,

971 1985 1013 2036 ubi
1027 1984 1189 2036 conviciantes
1203 1982 1343 2044 probrosam
1358 1995 1444 2032 uocem
1460 1982 1586 2033 cantilenae

971 2074 1119 2138 scripsimus.
1132 2075 1234 2122 Sestum
1248 2073 1346 2120 cantum
1357 2069 1606 2120 furtim-sibisumens
1619 2073 1703 2120 Venus
1740 2081 1749 2128 ,ζ

971 2163 1003 2214 od
1016 2158 1267 2221 amatoria-colloquia
1279 2158 1363 2222 elegiae
1371 2156 1476 2208 declinet
1486 2171 1597 2222 gressum

971 2254 995 2300 et
1010 2249 1095 2300 dulces
1109 2247 1142 2298 acl
1153 2259 1255 2296 amores.
1269 2247 1297 2294 ln
1311 2243 1413 2308 septima
1425 2257 1484 2292 vero
1498 2255 1545 2305 ape

971 2337 1059 2403 gaudie
1074 2333 1163 2386 Bacchi
1172 2373 1178 2395 ,
1188 2333 1452 2395 merumqueamnntes
1465 2330 1580 2390 choreas,

972 2429 997 2477 et
1007 2427 1139 2485 temetum,
1152 2427 1177 2473 et
1191 2424 1296 2482 cratero,
1311 2424 1337 2471 et
1350 2419 1418 2470 laute
1431 2417 1545 2468 convivia
1555 2416 1657 2467 ridebis.

1182 2577 1210 2626 4.
1234 2582 1371 2624 prosobsi
1393 2580 1551 2622 AGlellAE.

973 2701 1141 2760 coronasset
1152 2697 1262 2760 picture,
1273 2697 1298 2744 el
1307 2690 1542 2755 inscripto-tabule,
1554 2689 1644 2739 loetitiae
1653 2687 1751 2752 quidem

1003 2801 1097 2852 magam
1109 2799 1184 2836 causa
1197 2784 1250 2833 burc
1264 2781 1357 2840 nactis,

973 2873 1017 2926 sod
1033 2873 1112 2924 donec
1121 2870 1209 2920 vivunt
1225 2890 1231 2918 :
1250 2880 1312 2916 raas
1323 2867 1388 2916 enim
1402 2865 1490 2915 decora
1505 2863 1633 2913 bominum

1004 2962 1098 3012 animos
1110 2959 1282 3008 detunctorum
1297 2966 1345 3004 uon
1356 2965 1414 3002 sane
1424 2951 1571 3002 comitantur
1583 2972 1589 3001 ι

974 3049 1017 3100 sed
1026 3050 1105 3099 virtus
1117 3044 1290 3110 sapientioequo
1304 3041 1381 3104 gratio
1391 3043 1416 3090 et
1427 3039 1485 3089 illuc
1496 3038 1635 3096 una-radit,

1004 3124 1029 3188 et
1043 3137 1083 3186 btc
1094 3147 1193 3198 quoque
1208 3133 1289 3180 menet
1305 3127 1446 3178 memoriam
1456 3125 1593 3176 concilians.

974 3228 1013 3277 sic
1027 3236 1106 3286 neque
1119 3222 1188 3271 Plato
1201 3217 1311 3282 superbit
1322 3228 1402 3279 neque
1413 3217 1535 3264 llomerus

1005 3311 1126 3364 coloribus
1141 3311 1184 3358 eut
1195 3305 1327 3364 colomnis,
1340 3302 1384 3353 sed
1398 3302 1450 3352 solt
1464 3299 1590 3364 sapientia.

974 3401 1040 3452 Beati
1053 3411 1158 3464 quorum
1169 3393 1286 3446 memoria
1305 3389 1452 3456 sapientium
1467 3389 1491 3438 in
1503 3386 1669 3438 voluminibus
1683 3385 1753 3436 llbra·

1005 3489 1048 3540 secl
1061 3501 1109 3538 non
1118 3487 1143 3536 iu
1159 3484 1228 3536 vorsis
1239 3479 1383 3546 imaginibus
1396 3476 1499 3528 habitat.
1677 3473 1750 3538 [rum
