<?xml version="1.0" encoding="UTF-8"?>
<!DOCTYPE html PUBLIC "-//W3C//DTD XHTML 1.0 Transitional//EN"
    "http://www.w3.org/TR/xhtml1/DTD/xhtml1-transitional.dtd">
<html xmlns="http://www.w3.org/1999/xhtml" xml:lang="en" lang="en">
 <head>
  <title>
</title>
<meta http-equiv="Content-Type" content="text/html;charset=utf-8" />
  <meta name='ocr-system' content='tesseract 3.04.00' />
  <meta name='ocr-capabilities' content='ocr_page ocr_carea ocr_par ocr_line ocrx_word'/>
</head>
<body>
  <div class='ocr_page' id='page_1' title='image "./epigrammatumant01couggoog/epigrammatumant01couggoog_0106.png"; bbox 0 0 3940 5952; ppageno 0'>
   <div class='ocr_carea' id='block_1_1' title="bbox 590 455 1301 522">
    <p class='ocr_par' dir='ltr' id='par_1_1' title="bbox 590 455 1301 522">
     <span class='ocr_line' id='line_1_1' title="bbox 590 455 1301 522; baseline 0.006 -6"><span class='ocrx_word' id='word_1_1' title='bbox 590 455 714 518; x_wconf 80' lang='lat' dir='ltr'>CAPUT</span> <span class='ocrx_word' id='word_1_2' title='bbox 733 458 769 517; x_wconf 91' lang='lat' dir='ltr'><strong>V.</strong></span> <span class='ocrx_word' id='word_1_3' title='bbox 792 456 1070 520; x_wconf 74' lang='lat' dir='ltr'><strong>EPIGRAMMATA</strong></span> <span class='ocrx_word' id='word_1_4' title='bbox 1092 459 1301 522; x_wconf 80' lang='grc' dir='ltr'><strong>ΑΜΑἹῸΗΙΑ.</strong></span> 
     </span>
    </p>
   </div>
   <div class='ocr_carea' id='block_1_2' title="bbox 369 588 721 649">
    <p class='ocr_par' dir='ltr' id='par_1_2' title="bbox 369 588 721 649">
     <span class='ocr_line' id='line_1_2' title="bbox 369 588 721 649; baseline 0.003 -1"><span class='ocrx_word' id='word_1_5' title='bbox 369 597 416 648; x_wconf 80' lang='lat' dir='ltr'><strong>bt·</strong></span> <span class='ocrx_word' id='word_1_6' title='bbox 434 588 721 649; x_wconf 68' lang='lat' dir='ltr'><strong>Aztltlssltuor.</strong></span> 
     </span>
    </p>
   </div>
   <div class='ocr_carea' id='block_1_3' title="bbox 152 742 929 1270">
    <p class='ocr_par' dir='ltr' id='par_1_3' title="bbox 152 742 887 921">
     <span class='ocr_line' id='line_1_3' title="bbox 152 742 887 834; baseline -0.004 -18"><span class='ocrx_word' id='word_1_7' title='bbox 152 756 222 817; x_wconf 77' lang='grc' dir='ltr'><strong>ίίίοε</strong></span> <span class='ocrx_word' id='word_1_8' title='bbox 233 798 242 827; x_wconf 94' lang='grc'><strong>,</strong></span> <span class='ocrx_word' id='word_1_9' title='bbox 255 752 429 834; x_wconf 81' lang='grc' dir='ltr'><strong>χαλαζοόόλει</strong></span> <span class='ocrx_word' id='word_1_10' title='bbox 440 796 448 827; x_wconf 89' lang='grc'><strong>,</strong></span> <span class='ocrx_word' id='word_1_11' title='bbox 459 752 529 812; x_wconf 86' lang='grc' dir='ltr'><strong>ποίει</strong></span> <span class='ocrx_word' id='word_1_12' title='bbox 543 751 648 825; x_wconf 79' lang='grc' dir='ltr'><strong>σκότος,</strong></span> <span class='ocrx_word' id='word_1_13' title='bbox 663 742 736 827; x_wconf 67' lang='lat' dir='ltr'><strong>aide,</strong></span> <span class='ocrx_word' id='word_1_14' title='bbox 751 750 887 834; x_wconf 83' lang='grc' dir='ltr'><strong>κεραόνου,</strong></span> 
     </span>
     <span class='ocr_line' id='line_1_4' title="bbox 195 837 779 921; baseline -0.002 -23"><span class='ocrx_word' id='word_1_15' title='bbox 195 839 284 900; x_wconf 78' lang='grc' dir='ltr'><strong>πάντα</strong></span> <span class='ocrx_word' id='word_1_16' title='bbox 295 838 331 898; x_wconf 81' lang='lat' dir='ltr'><strong>rd</strong></span> <span class='ocrx_word' id='word_1_17' title='bbox 344 837 500 920; x_wconf 73' lang='lat' dir='ltr'><strong>neppdperr&#39;</strong></span> <span class='ocrx_word' id='word_1_18' title='bbox 512 842 540 900; x_wconf 80' lang='grc' dir='ltr'><strong>ἔν</strong></span> <span class='ocrx_word' id='word_1_19' title='bbox 550 840 623 918; x_wconf 72' lang='grc' dir='ltr'><strong>χθονί</strong></span> <span class='ocrx_word' id='word_1_20' title='bbox 637 848 692 901; x_wconf 84' lang='grc' dir='ltr'><strong>σεῖε</strong></span> <span class='ocrx_word' id='word_1_21' title='bbox 704 840 779 921; x_wconf 77' lang='grc' dir='ltr'><strong>νέφη.</strong></span> 
     </span>
    </p>

    <p class='ocr_par' dir='ltr' id='par_1_4' title="bbox 155 922 929 1094">
     <span class='ocr_line' id='line_1_5' title="bbox 155 922 929 1011; baseline -0.004 -22"><span class='ocrx_word' id='word_1_22' title='bbox 155 922 209 989; x_wconf 82' lang='grc' dir='ltr'><strong>Ἦν</strong></span> <span class='ocrx_word' id='word_1_23' title='bbox 220 929 273 1009; x_wconf 74' lang='grc' dir='ltr'><strong>γάρ</strong></span> <span class='ocrx_word' id='word_1_24' title='bbox 284 950 317 1004; x_wconf 85' lang='grc' dir='ltr'><strong>μν</strong></span> <span class='ocrx_word' id='word_1_25' title='bbox 332 927 445 1007; x_wconf 80' lang='grc' dir='ltr'><strong>κτείνῃς,</strong></span> <span class='ocrx_word' id='word_1_26' title='bbox 453 927 512 987; x_wconf 84' lang='grc' dir='ltr'><strong>τότε</strong></span> <span class='ocrx_word' id='word_1_27' title='bbox 526 926 670 1006; x_wconf 79' lang='grc' dir='ltr'><strong>παύσομαι·</strong></span> <span class='ocrx_word' id='word_1_28' title='bbox 682 929 714 1002; x_wconf 80' lang='grc' dir='ltr'><strong>ἢν</strong></span> <span class='ocrx_word' id='word_1_29' title='bbox 723 929 751 988; x_wconf 78' lang='lat' dir='ltr'><strong>di</strong></span> <span class='ocrx_word' id='word_1_30' title='bbox 761 929 789 1007; x_wconf 83' lang='grc' dir='ltr'><strong>μ’</strong></span> <span class='ocrx_word' id='word_1_31' title='bbox 797 932 864 1011; x_wconf 76' lang='grc' dir='ltr'><strong>εἰιρῇς</strong></span> <span class='ocrx_word' id='word_1_32' title='bbox 873 931 929 1009; x_wconf 79' lang='grc' dir='ltr'><strong>ζῇν,</strong></span> 
     </span>
     <span class='ocr_line' id='line_1_6' title="bbox 194 1013 771 1094; baseline -0.002 -20"><span class='ocrx_word' id='word_1_33' title='bbox 194 1016 239 1074; x_wconf 83' lang='grc' dir='ltr'><strong>καί</strong></span> <span class='ocrx_word' id='word_1_34' title='bbox 253 1013 349 1083; x_wconf 80' lang='grc' dir='ltr'><strong>διαθείς</strong></span> <span class='ocrx_word' id='word_1_35' title='bbox 361 1015 457 1076; x_wconf 66' lang='lat' dir='ltr'><strong>minas</strong></span> <span class='ocrx_word' id='word_1_36' title='bbox 469 1014 586 1094; x_wconf 77' lang='grc' dir='ltr'><strong>χείρονα,</strong></span> <span class='ocrx_word' id='word_1_37' title='bbox 600 1016 771 1094; x_wconf 90' lang='grc' dir='ltr'><strong>κωμάσομαι·</strong></span> 
     </span>
    </p>

    <p class='ocr_par' dir='ltr' id='par_1_5' title="bbox 154 1095 909 1270">
     <span class='ocr_line' id='line_1_7' title="bbox 154 1095 909 1185; baseline 0 -23"><span class='ocrx_word' id='word_1_38' title='bbox 154 1103 225 1163; x_wconf 75' lang='grc' dir='ltr'><strong>ἕλκει</strong></span> <span class='ocrx_word' id='word_1_39' title='bbox 232 1103 285 1183; x_wconf 83' lang='grc' dir='ltr'><strong>γάρ</strong></span> <span class='ocrx_word' id='word_1_40' title='bbox 302 1107 356 1180; x_wconf 84' lang='grc' dir='ltr'><strong>μ’ό</strong></span> <span class='ocrx_word' id='word_1_41' title='bbox 369 1107 473 1182; x_wconf 78' lang='grc' dir='ltr'><strong>κρατῶν</strong></span> <span class='ocrx_word' id='word_1_42' title='bbox 482 1104 528 1162; x_wconf 85' lang='grc' dir='ltr'><strong>καί</strong></span> <span class='ocrx_word' id='word_1_43' title='bbox 543 1111 588 1164; x_wconf 80' lang='grc' dir='ltr'><strong>σοῦ</strong></span> <span class='ocrx_word' id='word_1_44' title='bbox 598 1095 696 1185; x_wconf 44' lang='lat' dir='ltr'><strong>dudm&amp;</strong></span> <span class='ocrx_word' id='word_1_45' title='bbox 711 1127 774 1165; x_wconf 86' lang='grc' dir='ltr'><strong>ποτε</strong></span> <span class='ocrx_word' id='word_1_46' title='bbox 786 1104 909 1180; x_wconf 82' lang='grc' dir='ltr'><strong>πεισθείς,</strong></span> 
     </span>
     <span class='ocr_line' id='line_1_8' title="bbox 194 1189 782 1270; baseline -0.002 -21"><span class='ocrx_word' id='word_1_47' title='bbox 194 1195 260 1264; x_wconf 69' lang='lat' dir='ltr'><strong>zet,</strong></span> <span class='ocrx_word' id='word_1_48' title='bbox 276 1191 318 1250; x_wconf 76' lang='grc' dir='ltr'><strong>διὰ</strong></span> <span class='ocrx_word' id='word_1_49' title='bbox 331 1189 635 1270; x_wconf 74' lang='grc' dir='ltr'><strong>χαλκιίωνχρυσόςέδυς</strong></span> <span class='ocrx_word' id='word_1_50' title='bbox 644 1191 782 1270; x_wconf 85' lang='grc' dir='ltr'><strong>θαλάμων.</strong></span> 
     </span>
    </p>
   </div>
   <div class='ocr_carea' id='block_1_4' title="bbox 415 1350 673 1401">
    <p class='ocr_par' dir='ltr' id='par_1_6' title="bbox 415 1350 673 1401">
     <span class='ocr_line' id='line_1_9' title="bbox 415 1350 673 1401; baseline 0.012 -3"><span class='ocrx_word' id='word_1_51' title='bbox 415 1350 460 1400; x_wconf 81' lang='grc'><strong>65.</strong></span> <span class='ocrx_word' id='word_1_52' title='bbox 475 1351 673 1401; x_wconf 72' lang='lat' dir='ltr'><strong>lanzuot&#39;on.</strong></span> 
     </span>
    </p>
   </div>
   <div class='ocr_carea' id='block_1_5' title="bbox 154 1483 897 1832">
    <p class='ocr_par' dir='ltr' id='par_1_7' title="bbox 154 1483 816 1658">
     <span class='ocr_line' id='line_1_10' title="bbox 154 1483 816 1571; baseline -0.002 -19"><span class='ocrx_word' id='word_1_53' title='bbox 154 1490 246 1558; x_wconf 62' lang='lat' dir='ltr'><strong>Ater&amp;</strong></span> <span class='ocrx_word' id='word_1_54' title='bbox 260 1489 351 1556; x_wconf 61' lang='lat' dir='ltr'><strong>tzela</strong></span> <span class='ocrx_word' id='word_1_55' title='bbox 367 1483 445 1564; x_wconf 69' lang='grc' dir='ltr'><strong>ἦλθεν</strong></span> <span class='ocrx_word' id='word_1_56' title='bbox 459 1491 503 1550; x_wconf 77' lang='grc' dir='ltr'><strong>ἐπ’</strong></span> <span class='ocrx_word' id='word_1_57' title='bbox 515 1492 628 1552; x_wconf 80' lang='grc' dir='ltr'><strong>ἀντίθεον</strong></span> <span class='ocrx_word' id='word_1_58' title='bbox 642 1492 816 1571; x_wconf 81' lang='grc' dir='ltr'><strong>Γανυμήδην,</strong></span> 
     </span>
     <span class='ocr_line' id='line_1_11' title="bbox 193 1576 759 1658; baseline 0.004 -22"><span class='ocrx_word' id='word_1_59' title='bbox 193 1576 286 1644; x_wconf 75' lang='lat' dir='ltr'><strong>adase&lt;</strong></span> <span class='ocrx_word' id='word_1_60' title='bbox 300 1578 346 1638; x_wconf 78' lang='grc' dir='ltr'><strong>ἐπί</strong></span> <span class='ocrx_word' id='word_1_61' title='bbox 358 1577 452 1650; x_wconf 77' lang='grc' dir='ltr'><strong>ξανθὴν</strong></span> <span class='ocrx_word' id='word_1_62' title='bbox 468 1580 569 1658; x_wconf 82' lang='grc' dir='ltr'><strong>μητέρα</strong></span> <span class='ocrx_word' id='word_1_63' title='bbox 580 1579 627 1652; x_wconf 80' lang='grc' dir='ltr'><strong>τὴν</strong></span> <span class='ocrx_word' id='word_1_64' title='bbox 638 1579 759 1651; x_wconf 82' lang='grc' dir='ltr'><strong>Ἕλίνης.</strong></span> 
     </span>
    </p>

    <p class='ocr_par' dir='ltr' id='par_1_8' title="bbox 155 1664 897 1832">
     <span class='ocr_line' id='line_1_12' title="bbox 155 1664 897 1747; baseline -0.007 -20"><span class='ocrx_word' id='word_1_65' title='bbox 155 1667 247 1734; x_wconf 72' lang='grc' dir='ltr'><strong>Οὕτως</strong></span> <span class='ocrx_word' id='word_1_66' title='bbox 257 1664 386 1746; x_wconf 75' lang='grc' dir='ltr'><strong>ἀμφότερ’</strong></span> <span class='ocrx_word' id='word_1_67' title='bbox 398 1664 469 1726; x_wconf 77' lang='grc' dir='ltr'><strong>ἐστὶν</strong></span> <span class='ocrx_word' id='word_1_68' title='bbox 481 1665 634 1747; x_wconf 73' lang='grc' dir='ltr'><strong>ἀσύγκριτα·</strong></span> <span class='ocrx_word' id='word_1_69' title='bbox 648 1671 699 1726; x_wconf 84' lang='grc' dir='ltr'><strong>τῶν</strong></span> <span class='ocrx_word' id='word_1_70' title='bbox 710 1666 757 1727; x_wconf 83' lang='grc' dir='ltr'><strong>δύο</strong></span> <span class='ocrx_word' id='word_1_71' title='bbox 774 1668 797 1725; x_wconf 86' lang='grc' dir='ltr'><strong>δ’</strong></span> <span class='ocrx_word' id='word_1_72' title='bbox 812 1667 897 1726; x_wconf 78' lang='grc' dir='ltr'><strong>αὐτῶν</strong></span> 
     </span>
     <span class='ocr_line' id='line_1_13' title="bbox 194 1753 769 1832; baseline 0 -20"><span class='ocrx_word' id='word_1_73' title='bbox 194 1753 283 1821; x_wconf 63' lang='grc' dir='ltr'><strong>ἄλλοις</strong></span> <span class='ocrx_word' id='word_1_74' title='bbox 298 1753 365 1812; x_wconf 81' lang='grc' dir='ltr'><strong>ἄλλο</strong></span> <span class='ocrx_word' id='word_1_75' title='bbox 379 1754 452 1812; x_wconf 85' lang='grc' dir='ltr'><strong>δοκεῖ</strong></span> <span class='ocrx_word' id='word_1_76' title='bbox 462 1761 592 1832; x_wconf 82' lang='grc' dir='ltr'><strong>κρεῖσσον,</strong></span> <span class='ocrx_word' id='word_1_77' title='bbox 604 1753 661 1831; x_wconf 79' lang='grc' dir='ltr'><strong>ἐμοὶ</strong></span> <span class='ocrx_word' id='word_1_78' title='bbox 671 1753 704 1812; x_wconf 75' lang='grc' dir='ltr'><strong>τὰ</strong></span> <span class='ocrx_word' id='word_1_79' title='bbox 715 1753 769 1814; x_wconf 78' lang='grc' dir='ltr'><strong>δύο.</strong></span> 
     </span>
    </p>
   </div>
   <div class='ocr_carea' id='block_1_6' title="bbox 401 1904 675 1966">
    <p class='ocr_par' dir='ltr' id='par_1_9' title="bbox 401 1904 675 1966">
     <span class='ocr_line' id='line_1_14' title="bbox 401 1904 675 1966; baseline -0.022 0"><span class='ocrx_word' id='word_1_80' title='bbox 401 1915 450 1966; x_wconf 81' lang='lat' dir='ltr'><strong>bb.</strong></span> <span class='ocrx_word' id='word_1_81' title='bbox 467 1904 675 1964; x_wconf 82' lang='grc' dir='ltr'><strong>ΡΟΥΦΙΝΟΥ.</strong></span> 
     </span>
    </p>
   </div>
   <div class='ocr_carea' id='block_1_7' title="bbox 153 2065 914 2586">
    <p class='ocr_par' dir='ltr' id='par_1_10' title="bbox 155 2065 817 2236">
     <span class='ocr_line' id='line_1_15' title="bbox 155 2065 817 2147; baseline 0.002 -22"><span class='ocrx_word' id='word_1_82' title='bbox 155 2065 295 2146; x_wconf 81' lang='grc' dir='ltr'><strong>Εὗκαίρως</strong></span> <span class='ocrx_word' id='word_1_83' title='bbox 309 2067 459 2144; x_wconf 81' lang='grc' dir='ltr'><strong>μσνάσασαν</strong></span> <span class='ocrx_word' id='word_1_84' title='bbox 472 2066 533 2127; x_wconf 79' lang='grc' dir='ltr'><strong>ἰδὼν</strong></span> <span class='ocrx_word' id='word_1_85' title='bbox 547 2067 680 2147; x_wconf 79' lang='grc' dir='ltr'><strong>Προδίκην</strong></span> <span class='ocrx_word' id='word_1_86' title='bbox 690 2069 817 2142; x_wconf 74' lang='grc' dir='ltr'><strong>ἱκέτευον,</strong></span> 
     </span>
     <span class='ocr_line' id='line_1_16' title="bbox 197 2153 754 2236; baseline 0 -24"><span class='ocrx_word' id='word_1_87' title='bbox 197 2153 243 2212; x_wconf 80' lang='grc' dir='ltr'><strong>καί</strong></span> <span class='ocrx_word' id='word_1_88' title='bbox 255 2158 307 2213; x_wconf 79' lang='grc' dir='ltr'><strong>τῶν</strong></span> <span class='ocrx_word' id='word_1_89' title='bbox 323 2154 472 2232; x_wconf 78' lang='grc' dir='ltr'><strong>άμόροσίων</strong></span> <span class='ocrx_word' id='word_1_90' title='bbox 482 2155 617 2236; x_wconf 74' lang='grc' dir='ltr'><strong>ἁψάμενος</strong></span> <span class='ocrx_word' id='word_1_91' title='bbox 628 2156 754 2235; x_wconf 78' lang='grc' dir='ltr'><strong>γονάτων,</strong></span> 
     </span>
    </p>

    <p class='ocr_par' dir='ltr' id='par_1_11' title="bbox 157 2241 914 2410">
     <span class='ocr_line' id='line_1_17' title="bbox 157 2241 914 2323; baseline -0.001 -23"><span class='ocrx_word' id='word_1_92' title='bbox 157 2265 171 2292; x_wconf 79' lang='grc' dir='ltr'><strong>ι</strong></span> <span class='ocrx_word' id='word_1_93' title='bbox 181 2242 283 2312; x_wconf 75' lang='grc' dir='ltr'><strong>Σῖισον,</strong></span> <span class='ocrx_word' id='word_1_94' title='bbox 295 2241 366 2320; x_wconf 83' lang='grc' dir='ltr'><strong>ίρην,</strong></span> <span class='ocrx_word' id='word_1_95' title='bbox 381 2243 516 2323; x_wconf 72' lang='grc' dir='ltr'><strong>ἄνθρωπον</strong></span> <span class='ocrx_word' id='word_1_96' title='bbox 530 2243 709 2320; x_wconf 79' lang='grc' dir='ltr'><strong>ἀπολλύμενον</strong></span> <span class='ocrx_word' id='word_1_97' title='bbox 722 2241 795 2322; x_wconf 71' lang='grc' dir='ltr'><strong>παρὰ</strong></span> <span class='ocrx_word' id='word_1_98' title='bbox 810 2241 914 2320; x_wconf 73' lang='grc' dir='ltr'><strong>μικρὸν,</strong></span> 
     </span>
     <span class='ocr_line' id='line_1_18' title="bbox 195 2329 849 2410; baseline 0.003 -23"><span class='ocrx_word' id='word_1_99' title='bbox 195 2329 262 2388; x_wconf 73' lang='grc' dir='ltr'><strong>σκιαί</strong></span> <span class='ocrx_word' id='word_1_100' title='bbox 281 2335 373 2409; x_wconf 76' lang='grc' dir='ltr'><strong>φεῦγον</strong></span> <span class='ocrx_word' id='word_1_101' title='bbox 387 2333 456 2402; x_wconf 79' lang='grc' dir='ltr'><strong>ζωῆς</strong></span> <span class='ocrx_word' id='word_1_102' title='bbox 469 2336 572 2406; x_wconf 78' lang='grc' dir='ltr'><strong>πνεῦμα</strong></span> <span class='ocrx_word' id='word_1_103' title='bbox 593 2331 625 2390; x_wconf 87' lang='grc' dir='ltr'><strong>σό</strong></span> <span class='ocrx_word' id='word_1_104' title='bbox 641 2353 685 2404; x_wconf 90' lang='grc' dir='ltr'><strong>μοι</strong></span> <span class='ocrx_word' id='word_1_105' title='bbox 698 2329 818 2410; x_wconf 85' lang='grc' dir='ltr'><strong>χάρισαι.</strong></span> <span class='ocrx_word' id='word_1_106' title='bbox 836 2355 849 2382; x_wconf 76' lang='grc' dir='ltr'><strong>ν</strong></span> 
     </span>
    </p>

    <p class='ocr_par' dir='ltr' id='par_1_12' title="bbox 153 2415 847 2586">
     <span class='ocr_line' id='line_1_19' title="bbox 153 2415 847 2499; baseline 0 -24"><span class='ocrx_word' id='word_1_107' title='bbox 153 2417 244 2476; x_wconf 80' lang='grc' dir='ltr'><strong>Ταῦτα</strong></span> <span class='ocrx_word' id='word_1_108' title='bbox 258 2417 376 2496; x_wconf 78' lang='grc' dir='ltr'><strong>λέγοντος</strong></span> <span class='ocrx_word' id='word_1_109' title='bbox 386 2419 519 2477; x_wconf 82' lang='grc' dir='ltr'><strong>ἔκλαυσεν·</strong></span> <span class='ocrx_word' id='word_1_110' title='bbox 531 2418 693 2499; x_wconf 76' lang='grc' dir='ltr'><strong>ἀποψήσασα</strong></span> <span class='ocrx_word' id='word_1_111' title='bbox 710 2415 738 2476; x_wconf 77' lang='grc' dir='ltr'><strong>δὲ</strong></span> <span class='ocrx_word' id='word_1_112' title='bbox 753 2417 847 2497; x_wconf 85' lang='grc' dir='ltr'><strong>δάκρυ,</strong></span> 
     </span>
     <span class='ocr_line' id='line_1_20' title="bbox 191 2503 763 2586; baseline 0.007 -24"><span class='ocrx_word' id='word_1_113' title='bbox 191 2505 246 2572; x_wconf 79' lang='grc' dir='ltr'><strong>ταῖς</strong></span> <span class='ocrx_word' id='word_1_114' title='bbox 255 2512 394 2586; x_wconf 76' lang='grc' dir='ltr'><strong>τρνρεραῖς</strong></span> <span class='ocrx_word' id='word_1_115' title='bbox 408 2510 478 2581; x_wconf 80' lang='grc' dir='ltr'><strong>ἡμᾶς</strong></span> <span class='ocrx_word' id='word_1_116' title='bbox 490 2505 579 2586; x_wconf 78' lang='grc' dir='ltr'><strong>χερσὶν</strong></span> <span class='ocrx_word' id='word_1_117' title='bbox 592 2503 763 2572; x_wconf 77' lang='grc' dir='ltr'><strong>ὗπεξέόαλεν.</strong></span> 
     </span>
    </p>
   </div>
   <div class='ocr_carea' id='block_1_8' title="bbox 391 2671 689 2732">
    <p class='ocr_par' dir='ltr' id='par_1_13' title="bbox 391 2671 689 2732">
     <span class='ocr_line' id='line_1_21' title="bbox 391 2671 689 2732; baseline -0.007 0"><span class='ocrx_word' id='word_1_118' title='bbox 391 2679 437 2732; x_wconf 82' lang='lat' dir='ltr'><strong>tii.</strong></span> <span class='ocrx_word' id='word_1_119' title='bbox 456 2671 689 2732; x_wconf 75' lang='lat' dir='ltr'><strong>xluttnrloz.</strong></span> 
     </span>
    </p>
   </div>
   <div class='ocr_carea' id='block_1_9' title="bbox 152 2817 886 2991">
    <p class='ocr_par' dir='ltr' id='par_1_14' title="bbox 152 2817 886 2991">
     <span class='ocr_line' id='line_1_22' title="bbox 152 2817 886 2902; baseline 0.003 -25"><span class='ocrx_word' id='word_1_120' title='bbox 152 2817 254 2884; x_wconf 80' lang='grc' dir='ltr'><strong>λίάλλας</strong></span> <span class='ocrx_word' id='word_1_121' title='bbox 266 2819 330 2878; x_wconf 77' lang='grc' dir='ltr'><strong>ἄνευ</strong></span> <span class='ocrx_word' id='word_1_122' title='bbox 341 2819 457 2898; x_wconf 77' lang='grc' dir='ltr'><strong>χαρίτων</strong></span> <span class='ocrx_word' id='word_1_123' title='bbox 471 2820 561 2900; x_wconf 76' lang='grc' dir='ltr'><strong>τέρπει</strong></span> <span class='ocrx_word' id='word_1_124' title='bbox 573 2823 663 2898; x_wconf 87' lang='grc' dir='ltr'><strong>μόνον,</strong></span> <span class='ocrx_word' id='word_1_125' title='bbox 679 2822 708 2882; x_wconf 83' lang='grc' dir='ltr'><strong>οὒ</strong></span> <span class='ocrx_word' id='word_1_126' title='bbox 719 2820 827 2902; x_wconf 76' lang='grc' dir='ltr'><strong>κατάχει</strong></span> <span class='ocrx_word' id='word_1_127' title='bbox 842 2821 886 2894; x_wconf 79' lang='grc' dir='ltr'><strong>δὲ,</strong></span> 
     </span>
     <span class='ocr_line' id='line_1_23' title="bbox 189 2907 721 2991; baseline 0.013 -28"><span class='ocrx_word' id='word_1_128' title='bbox 189 2908 223 2973; x_wconf 78' lang='grc' dir='ltr'><strong>ὡς</strong></span> <span class='ocrx_word' id='word_1_129' title='bbox 236 2907 298 2986; x_wconf 77' lang='grc' dir='ltr'><strong>ἄτερ</strong></span> <span class='ocrx_word' id='word_1_130' title='bbox 314 2907 454 2988; x_wconf 77' lang='grc' dir='ltr'><strong>ἀγκίστρου</strong></span> <span class='ocrx_word' id='word_1_131' title='bbox 466 2909 609 2990; x_wconf 78' lang='grc' dir='ltr'><strong>νηχόμενον</strong></span> <span class='ocrx_word' id='word_1_132' title='bbox 620 2910 721 2991; x_wconf 77' lang='grc' dir='ltr'><strong>δελεαρ.</strong></span> 
     </span>
    </p>
   </div>
   <div class='ocr_carea' id='block_1_10' title="bbox 151 3070 926 3220">
    <p class='ocr_par' dir='ltr' id='par_1_15' title="bbox 151 3070 926 3220">
     <span class='ocr_line' id='line_1_24' title="bbox 151 3070 926 3158; baseline 0.001 -29"><span class='ocrx_word' id='word_1_133' title='bbox 151 3079 199 3129; x_wconf 76' lang='lat' dir='ltr'><strong>aa</strong></span> <span class='ocrx_word' id='word_1_134' title='bbox 224 3071 477 3143; x_wconf 77' lang='lat' dir='ltr'><strong>aotilllnlot,</strong></span> <span class='ocrx_word' id='word_1_135' title='bbox 494 3075 518 3131; x_wconf 85' lang='lat' dir='ltr'><strong>al</strong></span> <span class='ocrx_word' id='word_1_136' title='bbox 534 3070 562 3131; x_wconf 78' lang='grc' dir='ltr'><strong>δὲ</strong></span> <span class='ocrx_word' id='word_1_137' title='bbox 587 3073 826 3158; x_wconf 79' lang='grc' dir='ltr'>ΠΟΛΕΜΩΝΟΣ</span> <span class='ocrx_word' id='word_1_138' title='bbox 849 3071 926 3130; x_wconf 85' lang='grc' dir='ltr'><strong>ΤΟΥ</strong></span> 
     </span>
     <span class='ocr_line' id='line_1_25' title="bbox 437 3159 643 3220; baseline 0.005 -1"><span class='ocrx_word' id='word_1_139' title='bbox 437 3159 643 3220; x_wconf 83' lang='grc' dir='ltr'><strong>ΠΟΝΤΙΚΟΥ.</strong></span> 
     </span>
    </p>
   </div>
   <div class='ocr_carea' id='block_1_11' title="bbox 148 3275 926 3479">
    <p class='ocr_par' dir='ltr' id='par_1_16' title="bbox 148 3275 926 3479">
     <span class='ocr_line' id='line_1_26' title="bbox 148 3275 926 3392; baseline 0.003 -25"><span class='ocrx_word' id='word_1_140' title='bbox 148 3308 191 3367; x_wconf 89' lang='grc' dir='ltr'><strong>Ἣ</strong></span> <span class='ocrx_word' id='word_1_141' title='bbox 203 3307 233 3367; x_wconf 81' lang='grc' dir='ltr'><strong>τό</strong></span> <span class='ocrx_word' id='word_1_142' title='bbox 245 3311 327 3390; x_wconf 80' lang='grc' dir='ltr'><strong>ριλεῖν</strong></span> <span class='ocrx_word' id='word_1_143' title='bbox 335 3275 502 3392; x_wconf 77' lang='grc' dir='ltr'><strong>Ιπιρίγραψον</strong></span> <span class='ocrx_word' id='word_1_144' title='bbox 509 3358 519 3388; x_wconf 92' lang='grc'><strong>,</strong></span> <span class='ocrx_word' id='word_1_145' title='bbox 531 3311 620 3392; x_wconf 86' lang='grc' dir='ltr'><strong>Ἔρως</strong></span> <span class='ocrx_word' id='word_1_146' title='bbox 629 3358 638 3389; x_wconf 87' lang='grc'><strong>,</strong></span> <span class='ocrx_word' id='word_1_147' title='bbox 646 3313 717 3389; x_wconf 76' lang='lat' dir='ltr'><strong>dieu,</strong></span> <span class='ocrx_word' id='word_1_148' title='bbox 727 3311 745 3383; x_wconf 77' lang='grc' dir='ltr'>ἢ</span> <span class='ocrx_word' id='word_1_149' title='bbox 755 3311 786 3371; x_wconf 80' lang='grc' dir='ltr'><strong>τό</strong></span> <span class='ocrx_word' id='word_1_150' title='bbox 797 3313 926 3392; x_wconf 75' lang='grc' dir='ltr'><strong>φιλεῖσθαι</strong></span> 
     </span>
     <span class='ocr_line' id='line_1_27' title="bbox 188 3395 825 3479; baseline 0.008 -27"><span class='ocrx_word' id='word_1_151' title='bbox 188 3396 316 3476; x_wconf 75' lang='grc' dir='ltr'><strong>πρόσθες,</strong></span> <span class='ocrx_word' id='word_1_152' title='bbox 331 3395 363 3456; x_wconf 72' lang='grc' dir='ltr'><strong>ἶν’</strong></span> <span class='ocrx_word' id='word_1_153' title='bbox 377 3397 394 3469; x_wconf 78' lang='grc' dir='ltr'>ἢ</span> <span class='ocrx_word' id='word_1_154' title='bbox 409 3398 490 3478; x_wconf 80' lang='grc' dir='ltr'><strong>λύσῃς</strong></span> <span class='ocrx_word' id='word_1_155' title='bbox 503 3400 546 3459; x_wconf 81' lang='grc' dir='ltr'><strong>τὸν</strong></span> <span class='ocrx_word' id='word_1_156' title='bbox 561 3402 650 3474; x_wconf 86' lang='grc' dir='ltr'><strong>πόθον,</strong></span> <span class='ocrx_word' id='word_1_157' title='bbox 670 3400 687 3472; x_wconf 80' lang='grc' dir='ltr'>ἢ</span> <span class='ocrx_word' id='word_1_158' title='bbox 702 3401 825 3479; x_wconf 84' lang='grc' dir='ltr'><strong>κιράσῃς.</strong></span> 
     </span>
    </p>
   </div>
   <div class='ocr_carea' id='block_1_12' title="bbox 149 3553 787 3770">
    <p class='ocr_par' dir='ltr' id='par_1_17' title="bbox 149 3553 787 3770">
     <span class='ocr_line' id='line_1_28' title="bbox 407 3553 682 3612; baseline 0 0"><span class='ocrx_word' id='word_1_159' title='bbox 407 3559 454 3612; x_wconf 83' lang='lat' dir='ltr'><strong>as.</strong></span> <span class='ocrx_word' id='word_1_160' title='bbox 472 3553 682 3612; x_wconf 83' lang='grc' dir='ltr'><strong>ΡΟΥΦΙΝΟΥ.</strong></span> 
     </span>
     <span class='ocr_line' id='line_1_29' title="bbox 149 3686 787 3770; baseline 0.002 -22"><span class='ocrx_word' id='word_1_161' title='bbox 149 3686 259 3757; x_wconf 67' lang='lat' dir='ltr'><strong>liciti&lt;</strong></span> <span class='ocrx_word' id='word_1_162' title='bbox 272 3687 441 3770; x_wconf 75' lang='grc' dir='ltr'><strong>ίσαθρήσασα</strong></span> <span class='ocrx_word' id='word_1_163' title='bbox 456 3689 502 3748; x_wconf 85' lang='grc' dir='ltr'><strong>καὶ</strong></span> <span class='ocrx_word' id='word_1_164' title='bbox 514 3689 588 3769; x_wconf 88' lang='grc' dir='ltr'><strong>Ἥρη</strong></span> <span class='ocrx_word' id='word_1_165' title='bbox 600 3689 787 3769; x_wconf 79' lang='grc' dir='ltr'><strong>χρυσοπέδιλος</strong></span> 
     </span>
    </p>
   </div>
   <div class='ocr_carea' id='block_1_13' title="bbox 432 3857 709 3922">
    <p class='ocr_par' dir='ltr' id='par_1_18' title="bbox 432 3857 709 3922">
     <span class='ocr_line' id='line_1_30' title="bbox 432 3857 709 3922; baseline 0 -8"><span class='ocrx_word' id='word_1_166' title='bbox 432 3867 473 3922; x_wconf 73' lang='lat' dir='ltr'><strong>aa.</strong></span> <span class='ocrx_word' id='word_1_167' title='bbox 489 3857 652 3916; x_wconf 65' lang='lat' dir='ltr'><strong>rennuitae,</strong></span> <span class='ocrx_word' id='word_1_168' title='bbox 707 3873 709 3878; x_wconf 83' lang='grc'>’</span> 
     </span>
    </p>
   </div>
   <div class='ocr_carea' id='block_1_14' title="bbox 150 3996 829 4478">
    <p class='ocr_par' dir='ltr' id='par_1_19' title="bbox 150 3996 829 4152">
     <span class='ocr_line' id='line_1_31' title="bbox 150 3996 829 4064; baseline 0.003 -18"><span class='ocrx_word' id='word_1_169' title='bbox 150 4001 197 4046; x_wconf 79' lang='lat' dir='ltr'><strong>Fae</strong></span> <span class='ocrx_word' id='word_1_170' title='bbox 205 3996 328 4058; x_wconf 76' lang='lat' dir='ltr'>tenebras,</span> <span class='ocrx_word' id='word_1_171' title='bbox 341 3997 397 4046; x_wconf 72' lang='lat' dir='ltr'><strong>sevi</strong></span> <span class='ocrx_word' id='word_1_172' title='bbox 406 3999 468 4058; x_wconf 82' lang='lat' dir='ltr'><strong>nire,</strong></span> <span class='ocrx_word' id='word_1_173' title='bbox 476 3999 599 4062; x_wconf 83' lang='lat' dir='ltr'><strong>grandine,</strong></span> <span class='ocrx_word' id='word_1_174' title='bbox 610 4008 634 4049; x_wconf 87' lang='lat' dir='ltr'><strong>et</strong></span> <span class='ocrx_word' id='word_1_175' title='bbox 646 3999 699 4064; x_wconf 87' lang='lat' dir='ltr'><strong>igne</strong></span> <span class='ocrx_word' id='word_1_176' title='bbox 710 4015 808 4050; x_wconf 84' lang='lat' dir='ltr'><strong>corusca</strong></span> <span class='ocrx_word' id='word_1_177' title='bbox 822 4016 829 4048; x_wconf 92' lang='lat'><strong>:</strong></span> 
     </span>
     <span class='ocr_line' id='line_1_32' title="bbox 184 4083 737 4152; baseline 0.002 -20"><span class='ocrx_word' id='word_1_178' title='bbox 184 4083 277 4132; x_wconf 81' lang='lat' dir='ltr'><strong>Cuncta</strong></span> <span class='ocrx_word' id='word_1_179' title='bbox 289 4097 363 4147; x_wconf 80' lang='lat' dir='ltr'><strong>anper</strong></span> <span class='ocrx_word' id='word_1_180' title='bbox 374 4090 452 4152; x_wconf 84' lang='lat' dir='ltr'><strong>¹terras</strong></span> <span class='ocrx_word' id='word_1_181' title='bbox 464 4083 547 4132; x_wconf 81' lang='lat' dir='ltr'><strong>nubila</strong></span> <span class='ocrx_word' id='word_1_182' title='bbox 558 4084 624 4148; x_wconf 86' lang='lat' dir='ltr'><strong>nigra</strong></span> <span class='ocrx_word' id='word_1_183' title='bbox 641 4093 713 4149; x_wconf 89' lang='lat' dir='ltr'><strong>quate</strong></span> <span class='ocrx_word' id='word_1_184' title='bbox 730 4099 737 4134; x_wconf 75' lang='grc' dir='ltr'><strong>ε</strong></span> 
     </span>
    </p>

    <p class='ocr_par' dir='ltr' id='par_1_20' title="bbox 151 4162 731 4316">
     <span class='ocr_line' id='line_1_33' title="bbox 151 4162 731 4217; baseline 0.003 -5"><span class='ocrx_word' id='word_1_185' title='bbox 151 4162 240 4213; x_wconf 78' lang='lat' dir='ltr'><strong>basino</strong></span> <span class='ocrx_word' id='word_1_186' title='bbox 252 4163 274 4212; x_wconf 82' lang='lat' dir='ltr'><strong>ai</strong></span> <span class='ocrx_word' id='word_1_187' title='bbox 285 4162 375 4212; x_wconf 83' lang='lat' dir='ltr'><strong>occidis</strong></span> <span class='ocrx_word' id='word_1_188' title='bbox 391 4176 398 4212; x_wconf 91' lang='lat'><strong>:</strong></span> <span class='ocrx_word' id='word_1_189' title='bbox 411 4162 448 4212; x_wconf 88' lang='lat' dir='ltr'><strong>sin</strong></span> <span class='ocrx_word' id='word_1_190' title='bbox 456 4171 548 4217; x_wconf 68' lang='lat' dir='ltr'><strong>nactas</strong></span> <span class='ocrx_word' id='word_1_191' title='bbox 560 4181 598 4214; x_wconf 87' lang='lat' dir='ltr'><strong>me</strong></span> <span class='ocrx_word' id='word_1_192' title='bbox 607 4165 668 4214; x_wconf 87' lang='lat' dir='ltr'><strong>male</strong></span> <span class='ocrx_word' id='word_1_193' title='bbox 682 4165 731 4214; x_wconf 78' lang='lat' dir='ltr'><strong>rita</strong></span> 
     </span>
     <span class='ocr_line' id='line_1_34' title="bbox 184 4247 693 4316; baseline 0.004 -20"><span class='ocrx_word' id='word_1_194' title='bbox 184 4247 285 4312; x_wconf 75' lang='lat' dir='ltr'><strong>Sospite,</strong></span> <span class='ocrx_word' id='word_1_195' title='bbox 297 4261 372 4312; x_wconf 83' lang='lat' dir='ltr'><strong>pergo</strong></span> <span class='ocrx_word' id='word_1_196' title='bbox 381 4247 521 4296; x_wconf 70' lang='lat' dir='ltr'><strong>meavisere</strong></span> <span class='ocrx_word' id='word_1_197' title='bbox 535 4247 609 4316; x_wconf 76' lang='lat' dir='ltr'><strong>limen</strong></span> <span class='ocrx_word' id='word_1_198' title='bbox 620 4247 693 4298; x_wconf 83' lang='lat' dir='ltr'><strong>herae.</strong></span> 
     </span>
    </p>

    <p class='ocr_par' dir='ltr' id='par_1_21' title="bbox 150 4326 755 4478">
     <span class='ocr_line' id='line_1_35' title="bbox 150 4326 755 4396; baseline 0.002 -19"><span class='ocrx_word' id='word_1_199' title='bbox 150 4329 213 4377; x_wconf 79' lang='lat' dir='ltr'><strong>Nam</strong></span> <span class='ocrx_word' id='word_1_200' title='bbox 223 4326 297 4377; x_wconf 86' lang='lat' dir='ltr'><strong>trahit</strong></span> <span class='ocrx_word' id='word_1_201' title='bbox 308 4327 351 4377; x_wconf 78' lang='lat' dir='ltr'><strong>itte</strong></span> <span class='ocrx_word' id='word_1_202' title='bbox 360 4327 425 4388; x_wconf 80' lang='lat' dir='ltr'><strong>deus,</strong></span> <span class='ocrx_word' id='word_1_203' title='bbox 441 4338 524 4393; x_wconf 91' lang='lat' dir='ltr'><strong>quotu</strong></span> <span class='ocrx_word' id='word_1_204' title='bbox 539 4339 637 4394; x_wconf 78' lang='lat' dir='ltr'>cogente</span> <span class='ocrx_word' id='word_1_205' title='bbox 647 4329 755 4396; x_wconf 84' lang='lat' dir='ltr'><strong>pluebas,</strong></span> 
     </span>
     <span class='ocr_line' id='line_1_36' title="bbox 183 4412 680 4478; baseline 0.006 -17"><span class='ocrx_word' id='word_1_206' title='bbox 183 4412 304 4478; x_wconf 80' lang='lat' dir='ltr'><strong>Iuppiter,</strong></span> <span class='ocrx_word' id='word_1_207' title='bbox 321 4419 406 4460; x_wconf 68' lang='lat' dir='ltr'><strong>aratos</strong></span> <span class='ocrx_word' id='word_1_208' title='bbox 421 4427 506 4461; x_wconf 83' lang='lat' dir='ltr'><strong>aureus</strong></span> <span class='ocrx_word' id='word_1_209' title='bbox 515 4413 541 4461; x_wconf 86' lang='lat' dir='ltr'><strong>in</strong></span> <span class='ocrx_word' id='word_1_210' title='bbox 550 4412 680 4466; x_wconf 86' lang='lat' dir='ltr'><strong>thalamos.</strong></span> 
     </span>
    </p>
   </div>
   <div class='ocr_carea' id='block_1_15' title="bbox 455 4555 624 4606">
    <p class='ocr_par' dir='ltr' id='par_1_22' title="bbox 455 4555 624 4606">
     <span class='ocr_line' id='line_1_37' title="bbox 455 4555 624 4606; baseline 0.018 -4"><span class='ocrx_word' id='word_1_211' title='bbox 455 4555 496 4603; x_wconf 86' lang='lat'><strong>65.</strong></span> <span class='ocrx_word' id='word_1_212' title='bbox 516 4571 624 4606; x_wconf 77' lang='lat' dir='ltr'><strong>incrnrt.</strong></span> 
     </span>
    </p>
   </div>
   <div class='ocr_carea' id='block_1_16' title="bbox 150 4694 772 4842">
    <p class='ocr_par' dir='ltr' id='par_1_23' title="bbox 150 4694 772 4842">
     <span class='ocr_line' id='line_1_38' title="bbox 150 4694 772 4766; baseline 0.002 -22"><span class='ocrx_word' id='word_1_213' title='bbox 150 4694 264 4760; x_wconf 76' lang='lat' dir='ltr'><strong>Iuppiter</strong></span> <span class='ocrx_word' id='word_1_214' title='bbox 276 4694 308 4744; x_wconf 86' lang='lat' dir='ltr'><strong>ob</strong></span> <span class='ocrx_word' id='word_1_215' title='bbox 319 4694 408 4744; x_wconf 84' lang='lat' dir='ltr'><strong>bedam</strong></span> <span class='ocrx_word' id='word_1_216' title='bbox 419 4694 446 4745; x_wconf 89' lang='lat' dir='ltr'><strong>iit</strong></span> <span class='ocrx_word' id='word_1_217' title='bbox 454 4696 520 4757; x_wconf 73' lang='lat' dir='ltr'><strong>olor,</strong></span> <span class='ocrx_word' id='word_1_218' title='bbox 535 4696 678 4762; x_wconf 77' lang='lat' dir='ltr'><strong>Ganymedis</strong></span> <span class='ocrx_word' id='word_1_219' title='bbox 689 4712 772 4766; x_wconf 71' lang='lat' dir='ltr'><strong>aurore</strong></span> 
     </span>
     <span class='ocr_line' id='line_1_39' title="bbox 184 4775 712 4842; baseline 0.006 -17"><span class='ocrx_word' id='word_1_220' title='bbox 184 4779 250 4825; x_wconf 86' lang='lat' dir='ltr'><strong>Durn</strong></span> <span class='ocrx_word' id='word_1_221' title='bbox 260 4777 334 4838; x_wconf 77' lang='lat' dir='ltr'><strong>calet,</strong></span> <span class='ocrx_word' id='word_1_222' title='bbox 344 4775 394 4842; x_wconf 85' lang='lat' dir='ltr'><strong>ipse</strong></span> <span class='ocrx_word' id='word_1_223' title='bbox 406 4776 442 4825; x_wconf 87' lang='lat' dir='ltr'><strong>sui</strong></span> <span class='ocrx_word' id='word_1_224' title='bbox 454 4775 560 4826; x_wconf 72' lang='lat' dir='ltr'><strong>fulminis</strong></span> <span class='ocrx_word' id='word_1_225' title='bbox 574 4778 623 4828; x_wconf 82' lang='lat' dir='ltr'><strong>ales</strong></span> <span class='ocrx_word' id='word_1_226' title='bbox 640 4788 690 4827; x_wconf 86' lang='lat' dir='ltr'><strong>erat</strong></span> <span class='ocrx_word' id='word_1_227' title='bbox 704 4793 712 4828; x_wconf 75' lang='lat' dir='ltr'><strong><em>z</em></strong></span> 
     </span>
    </p>
   </div>
   <div class='ocr_carea' id='block_1_17' title="bbox 151 4855 843 5008">
    <p class='ocr_par' dir='ltr' id='par_1_24' title="bbox 151 4855 843 5008">
     <span class='ocr_line' id='line_1_40' title="bbox 151 4855 843 4926; baseline 0.004 -18"><span class='ocrx_word' id='word_1_228' title='bbox 151 4861 211 4908; x_wconf 68' lang='lat' dir='ltr'><strong>nac</strong></span> <span class='ocrx_word' id='word_1_229' title='bbox 224 4875 335 4925; x_wconf 74' lang='lat' dir='ltr'><strong>mprerna</strong></span> <span class='ocrx_word' id='word_1_230' title='bbox 348 4868 434 4925; x_wconf 76' lang='lat' dir='ltr'><strong>putans</strong></span> <span class='ocrx_word' id='word_1_231' title='bbox 444 4858 491 4909; x_wconf 88' lang='lat' dir='ltr'><strong>duo</strong></span> <span class='ocrx_word' id='word_1_232' title='bbox 504 4861 597 4924; x_wconf 84' lang='lat' dir='ltr'><strong>gaudia.</strong></span> <span class='ocrx_word' id='word_1_233' title='bbox 614 4864 674 4911; x_wconf 86' lang='lat' dir='ltr'><strong>Sunt</strong></span> <span class='ocrx_word' id='word_1_234' title='bbox 685 4855 770 4926; x_wconf 74' lang='lat' dir='ltr'><strong>quibua</strong></span> <span class='ocrx_word' id='word_1_235' title='bbox 782 4861 843 4911; x_wconf 85' lang='lat' dir='ltr'><strong>iliud</strong></span> 
     </span>
     <span class='ocr_line' id='line_1_41' title="bbox 184 4939 753 5008; baseline 0.002 -18"><span class='ocrx_word' id='word_1_236' title='bbox 184 4939 243 4990; x_wconf 78' lang='lat' dir='ltr'><strong>Plus</strong></span> <span class='ocrx_word' id='word_1_237' title='bbox 255 4939 323 4990; x_wconf 86' lang='lat' dir='ltr'><strong>cordi</strong></span> <span class='ocrx_word' id='word_1_238' title='bbox 332 4949 377 4997; x_wconf 86' lang='lat' dir='ltr'><strong>est,</strong></span> <span class='ocrx_word' id='word_1_239' title='bbox 390 4940 442 4989; x_wconf 84' lang='lat' dir='ltr'><strong>aliia</strong></span> <span class='ocrx_word' id='word_1_240' title='bbox 454 4941 533 5002; x_wconf 75' lang='lat' dir='ltr'><strong>iatud3</strong></span> <span class='ocrx_word' id='word_1_241' title='bbox 546 4949 674 5008; x_wconf 87' lang='lat' dir='ltr'><strong>utrumque</strong></span> <span class='ocrx_word' id='word_1_242' title='bbox 684 4939 753 4992; x_wconf 89' lang='lat' dir='ltr'><strong>mihi.</strong></span> 
     </span>
    </p>
   </div>
   <div class='ocr_carea' id='block_1_18' title="bbox 464 5079 620 5127">
    <p class='ocr_par' dir='ltr' id='par_1_25' title="bbox 464 5079 620 5127">
     <span class='ocr_line' id='line_1_42' title="bbox 464 5079 620 5127; baseline 0 -1"><span class='ocrx_word' id='word_1_243' title='bbox 464 5079 506 5127; x_wconf 88' lang='grc'><strong>66.</strong></span> <span class='ocrx_word' id='word_1_244' title='bbox 524 5093 620 5127; x_wconf 75' lang='lat' dir='ltr'><strong>nmini.</strong></span> 
     </span>
    </p>
   </div>
   <div class='ocr_carea' id='block_1_19' title="bbox 152 5207 787 5272">
    <p class='ocr_par' dir='ltr' id='par_1_26' title="bbox 152 5207 787 5272">
     <span class='ocr_line' id='line_1_43' title="bbox 152 5207 787 5272; baseline -0.002 -13"><span class='ocrx_word' id='word_1_245' title='bbox 152 5211 217 5260; x_wconf 86' lang='lat' dir='ltr'><strong>Cum</strong></span> <span class='ocrx_word' id='word_1_246' title='bbox 227 5207 342 5260; x_wconf 77' lang='lat' dir='ltr'><strong>Predicen</strong></span> <span class='ocrx_word' id='word_1_247' title='bbox 353 5210 437 5272; x_wconf 80' lang='lat' dir='ltr'><strong>roiam,</strong></span> <span class='ocrx_word' id='word_1_248' title='bbox 449 5210 517 5260; x_wconf 86' lang='lat' dir='ltr'><strong>nullo</strong></span> <span class='ocrx_word' id='word_1_249' title='bbox 526 5210 664 5272; x_wconf 83' lang='lat' dir='ltr'><strong>comitante,</strong></span> <span class='ocrx_word' id='word_1_250' title='bbox 673 5207 787 5270; x_wconf 70' lang='lat' dir='ltr'><strong>viderem,</strong></span> 
     </span>
    </p>
   </div>
   <div class='ocr_carea' id='block_1_20' title="bbox 1227 609 1532 682">
    <p class='ocr_par' dir='ltr' id='par_1_27' title="bbox 1227 609 1532 682">
     <span class='ocr_line' id='line_1_44' title="bbox 1227 609 1532 682; baseline -0.007 -22"><span class='ocrx_word' id='word_1_251' title='bbox 1227 609 1488 660; x_wconf 69' lang='lat' dir='ltr'><strong>semermium.</strong></span> <span class='ocrx_word' id='word_1_252' title='bbox 1528 675 1532 682; x_wconf 16' lang='grc' dir='ltr'>ι</span> 
     </span>
    </p>
   </div>
   <div class='ocr_carea' id='block_1_21' title="bbox 975 744 1751 1248">
    <p class='ocr_par' dir='ltr' id='par_1_28' title="bbox 975 744 1539 886">
     <span class='ocr_line' id='line_1_45' title="bbox 975 744 1510 812; baseline 0 -18"><span class='ocrx_word' id='word_1_253' title='bbox 975 745 1064 810; x_wconf 87' lang='lat' dir='ltr'><strong>ltiuge,</strong></span> <span class='ocrx_word' id='word_1_254' title='bbox 1079 746 1203 812; x_wconf 81' lang='lat' dir='ltr'><strong>grandina,</strong></span> <span class='ocrx_word' id='word_1_255' title='bbox 1217 747 1257 796; x_wconf 88' lang='lat' dir='ltr'><strong>lac</strong></span> <span class='ocrx_word' id='word_1_256' title='bbox 1266 745 1388 807; x_wconf 82' lang='lat' dir='ltr'><strong>tenebras,</strong></span> <span class='ocrx_word' id='word_1_257' title='bbox 1406 744 1510 809; x_wconf 77' lang='lat' dir='ltr'><strong>fulgura,</strong></span> 
     </span>
     <span class='ocr_line' id='line_1_46' title="bbox 1006 831 1539 886; baseline -0.004 -2"><span class='ocrx_word' id='word_1_258' title='bbox 1006 835 1159 886; x_wconf 86' lang='lat' dir='ltr'><strong>obscurantia</strong></span> <span class='ocrx_word' id='word_1_259' title='bbox 1172 835 1253 884; x_wconf 88' lang='lat' dir='ltr'><strong>omnia</strong></span> <span class='ocrx_word' id='word_1_260' title='bbox 1263 836 1336 884; x_wconf 85' lang='lat' dir='ltr'><strong>terrae</strong></span> <span class='ocrx_word' id='word_1_261' title='bbox 1347 834 1430 883; x_wconf 70' lang='lat' dir='ltr'><strong>incide</strong></span> <span class='ocrx_word' id='word_1_262' title='bbox 1442 831 1539 882; x_wconf 88' lang='lat' dir='ltr'><strong>nubila.</strong></span> 
     </span>
    </p>

    <p class='ocr_par' dir='ltr' id='par_1_29' title="bbox 975 919 1750 1072">
     <span class='ocr_line' id='line_1_47' title="bbox 975 919 1750 984; baseline -0.004 -13"><span class='ocrx_word' id='word_1_263' title='bbox 975 921 1001 971; x_wconf 85' lang='lat' dir='ltr'><strong>si</strong></span> <span class='ocrx_word' id='word_1_264' title='bbox 1014 922 1079 972; x_wconf 87' lang='lat' dir='ltr'><strong>enim</strong></span> <span class='ocrx_word' id='word_1_265' title='bbox 1091 936 1131 974; x_wconf 89' lang='lat' dir='ltr'><strong>me</strong></span> <span class='ocrx_word' id='word_1_266' title='bbox 1139 921 1244 984; x_wconf 81' lang='lat' dir='ltr'><strong>occidis,</strong></span> <span class='ocrx_word' id='word_1_267' title='bbox 1255 922 1315 971; x_wconf 87' lang='lat' dir='ltr'><strong>tunc</strong></span> <span class='ocrx_word' id='word_1_268' title='bbox 1323 919 1448 982; x_wconf 71' lang='lat' dir='ltr'><strong>desinam</strong></span> <span class='ocrx_word' id='word_1_269' title='bbox 1461 919 1506 970; x_wconf 84' lang='lat' dir='ltr'><strong>sed</strong></span> <span class='ocrx_word' id='word_1_270' title='bbox 1514 919 1581 969; x_wconf 85' lang='lat' dir='ltr'><strong>rime</strong></span> <span class='ocrx_word' id='word_1_271' title='bbox 1590 919 1649 970; x_wconf 83' lang='lat' dir='ltr'><strong>ainis</strong></span> <span class='ocrx_word' id='word_1_272' title='bbox 1657 919 1750 980; x_wconf 82' lang='lat' dir='ltr'><strong>vivere,</strong></span> 
     </span>
     <span class='ocr_line' id='line_1_48' title="bbox 1006 1006 1664 1072; baseline -0.008 -11"><span class='ocrx_word' id='word_1_273' title='bbox 1006 1013 1035 1061; x_wconf 86' lang='lat' dir='ltr'><strong>in</strong></span> <span class='ocrx_word' id='word_1_274' title='bbox 1051 1023 1094 1060; x_wconf 84' lang='lat' dir='ltr'><strong>me</strong></span> <span class='ocrx_word' id='word_1_275' title='bbox 1107 1011 1236 1061; x_wconf 82' lang='lat' dir='ltr'><strong>musulens</strong></span> <span class='ocrx_word' id='word_1_276' title='bbox 1245 1008 1285 1060; x_wconf 84' lang='lat' dir='ltr'><strong>hie</strong></span> <span class='ocrx_word' id='word_1_277' title='bbox 1296 1009 1370 1060; x_wconf 82' lang='lat' dir='ltr'><strong>etiarn</strong></span> <span class='ocrx_word' id='word_1_278' title='bbox 1381 1008 1475 1072; x_wconf 88' lang='lat' dir='ltr'><strong>pejora,</strong></span> <span class='ocrx_word' id='word_1_279' title='bbox 1493 1006 1642 1058; x_wconf 86' lang='lat' dir='ltr'><strong>comissabor</strong></span> <span class='ocrx_word' id='word_1_280' title='bbox 1657 1027 1664 1056; x_wconf 73' lang='grc' dir='ltr'><strong>ι</strong></span> 
     </span>
    </p>

    <p class='ocr_par' dir='ltr' id='par_1_30' title="bbox 975 1093 1751 1248">
     <span class='ocr_line' id='line_1_49' title="bbox 975 1093 1751 1160; baseline -0.009 -12"><span class='ocrx_word' id='word_1_281' title='bbox 975 1110 1032 1148; x_wconf 89' lang='lat' dir='ltr'><strong>narn</strong></span> <span class='ocrx_word' id='word_1_282' title='bbox 1039 1095 1159 1148; x_wconf 86' lang='lat' dir='ltr'><strong>trabitme</strong></span> <span class='ocrx_word' id='word_1_283' title='bbox 1168 1095 1219 1160; x_wconf 91' lang='lat' dir='ltr'><strong>qui,</strong></span> <span class='ocrx_word' id='word_1_284' title='bbox 1227 1095 1272 1147; x_wconf 87' lang='lat' dir='ltr'><strong>tibi</strong></span> <span class='ocrx_word' id='word_1_285' title='bbox 1279 1109 1378 1160; x_wconf 80' lang='lat' dir='ltr'><strong>quoque</strong></span> <span class='ocrx_word' id='word_1_286' title='bbox 1387 1095 1489 1158; x_wconf 89' lang='lat' dir='ltr'><strong>imperat</strong></span> <span class='ocrx_word' id='word_1_287' title='bbox 1496 1093 1566 1157; x_wconf 80' lang='lat' dir='ltr'><strong>deus,</strong></span> <span class='ocrx_word' id='word_1_288' title='bbox 1577 1095 1618 1144; x_wconf 86' lang='lat' dir='ltr'><strong>cui</strong></span> <span class='ocrx_word' id='word_1_289' title='bbox 1629 1093 1687 1144; x_wconf 86' lang='lat' dir='ltr'><strong>olim</strong></span> <span class='ocrx_word' id='word_1_290' title='bbox 1697 1093 1751 1144; x_wconf 69' lang='lat' dir='ltr'><strong>obe</strong></span> 
     </span>
     <span class='ocr_line' id='line_1_50' title="bbox 1006 1179 1750 1248; baseline -0.005 -14"><span class='ocrx_word' id='word_1_291' title='bbox 1006 1184 1124 1248; x_wconf 82' lang='lat' dir='ltr'><strong>luppiter,</strong></span> <span class='ocrx_word' id='word_1_292' title='bbox 1137 1183 1163 1233; x_wconf 89' lang='lat' dir='ltr'><strong>in</strong></span> <span class='ocrx_word' id='word_1_293' title='bbox 1171 1196 1251 1233; x_wconf 80' lang='lat' dir='ltr'><strong>aneos</strong></span> <span class='ocrx_word' id='word_1_294' title='bbox 1262 1195 1350 1232; x_wconf 88' lang='lat' dir='ltr'><strong>aurum</strong></span> <span class='ocrx_word' id='word_1_295' title='bbox 1365 1182 1496 1248; x_wconf 79' lang='lat' dir='ltr'><strong>penetrasti</strong></span> <span class='ocrx_word' id='word_1_296' title='bbox 1509 1181 1645 1231; x_wconf 80' lang='lat' dir='ltr'><strong>thalamos!</strong></span> <span class='ocrx_word' id='word_1_297' title='bbox 1661 1179 1750 1244; x_wconf 75' lang='lat' dir='ltr'><strong>triens,</strong></span> 
     </span>
    </p>
   </div>
   <div class='ocr_carea' id='block_1_22' title="bbox 1270 1338 1487 1382">
    <p class='ocr_par' dir='ltr' id='par_1_31' title="bbox 1270 1338 1487 1382">
     <span class='ocr_line' id='line_1_51' title="bbox 1270 1338 1487 1382; baseline 0.009 -2"><span class='ocrx_word' id='word_1_298' title='bbox 1270 1338 1309 1381; x_wconf 83' lang='grc'><strong>65.</strong></span> <span class='ocrx_word' id='word_1_299' title='bbox 1330 1340 1487 1382; x_wconf 76' lang='lat' dir='ltr'><strong>Attontlltt.</strong></span> 
     </span>
    </p>
   </div>
   <div class='ocr_carea' id='block_1_23' title="bbox 975 1477 1754 1806">
    <p class='ocr_par' dir='ltr' id='par_1_32' title="bbox 976 1477 1556 1636">
     <span class='ocr_line' id='line_1_52' title="bbox 976 1477 1556 1546; baseline -0.009 -14"><span class='ocrx_word' id='word_1_300' title='bbox 976 1482 1063 1546; x_wconf 79' lang='lat' dir='ltr'><strong>Aquila</strong></span> <span class='ocrx_word' id='word_1_301' title='bbox 1075 1481 1188 1546; x_wconf 79' lang='lat' dir='ltr'><strong>iuppiter</strong></span> <span class='ocrx_word' id='word_1_302' title='bbox 1196 1479 1264 1531; x_wconf 77' lang='lat' dir='ltr'><strong>venit</strong></span> <span class='ocrx_word' id='word_1_303' title='bbox 1272 1477 1380 1530; x_wconf 80' lang='lat' dir='ltr'><strong>eddium</strong></span> <span class='ocrx_word' id='word_1_304' title='bbox 1393 1477 1556 1540; x_wconf 76' lang='lat' dir='ltr'><strong>Ganymedem</strong></span> 
     </span>
     <span class='ocr_line' id='line_1_53' title="bbox 1008 1566 1466 1636; baseline -0.009 -17"><span class='ocrx_word' id='word_1_305' title='bbox 1008 1583 1100 1634; x_wconf 79' lang='lat' dir='ltr'><strong>cygnus</strong></span> <span class='ocrx_word' id='word_1_306' title='bbox 1111 1569 1143 1620; x_wconf 89' lang='lat' dir='ltr'><strong>ad</strong></span> <span class='ocrx_word' id='word_1_307' title='bbox 1150 1569 1349 1636; x_wconf 30' lang='lat' dir='ltr'><strong>tiaram-matrem</strong></span> <span class='ocrx_word' id='word_1_308' title='bbox 1360 1566 1466 1616; x_wconf 80' lang='lat' dir='ltr'><strong>Helena.</strong></span> 
     </span>
    </p>

    <p class='ocr_par' dir='ltr' id='par_1_33' title="bbox 975 1652 1754 1806">
     <span class='ocr_line' id='line_1_54' title="bbox 975 1652 1754 1720; baseline -0.01 -12"><span class='ocrx_word' id='word_1_309' title='bbox 975 1658 1013 1708; x_wconf 85' lang='lat' dir='ltr'><strong>Sic</strong></span> <span class='ocrx_word' id='word_1_310' title='bbox 1023 1661 1155 1720; x_wconf 82' lang='lat' dir='ltr'><strong>utrumque</strong></span> <span class='ocrx_word' id='word_1_311' title='bbox 1165 1657 1258 1712; x_wconf 55' lang='lat' dir='ltr'><strong>nouat</strong></span> <span class='ocrx_word' id='word_1_312' title='bbox 1271 1653 1441 1720; x_wconf 82' lang='lat' dir='ltr'><strong>discernibile:</strong></span> <span class='ocrx_word' id='word_1_313' title='bbox 1455 1652 1544 1702; x_wconf 87' lang='lat' dir='ltr'><strong>horum</strong></span> <span class='ocrx_word' id='word_1_314' title='bbox 1554 1655 1636 1702; x_wconf 86' lang='lat' dir='ltr'><strong>autern</strong></span> <span class='ocrx_word' id='word_1_315' title='bbox 1645 1652 1754 1702; x_wconf 86' lang='lat' dir='ltr'><strong>duorrnn</strong></span> 
     </span>
     <span class='ocr_line' id='line_1_55' title="bbox 1007 1739 1610 1806; baseline -0.012 -10"><span class='ocrx_word' id='word_1_316' title='bbox 1007 1745 1060 1796; x_wconf 86' lang='lat' dir='ltr'><strong>eliis</strong></span> <span class='ocrx_word' id='word_1_317' title='bbox 1071 1744 1139 1795; x_wconf 87' lang='lat' dir='ltr'><strong>aliud</strong></span> <span class='ocrx_word' id='word_1_318' title='bbox 1149 1743 1246 1794; x_wconf 82' lang='lat' dir='ltr'><strong>videtur</strong></span> <span class='ocrx_word' id='word_1_319' title='bbox 1260 1740 1448 1806; x_wconf 74' lang='lat' dir='ltr'><strong>praeterendum,</strong></span> <span class='ocrx_word' id='word_1_320' title='bbox 1461 1739 1522 1790; x_wconf 85' lang='lat' dir='ltr'><strong>mihi</strong></span> <span class='ocrx_word' id='word_1_321' title='bbox 1530 1739 1610 1790; x_wconf 86' lang='lat' dir='ltr'><strong>ambo.</strong></span> 
     </span>
    </p>
   </div>
   <div class='ocr_carea' id='block_1_24' title="bbox 1275 1902 1456 1952">
    <p class='ocr_par' dir='ltr' id='par_1_34' title="bbox 1275 1902 1456 1952">
     <span class='ocr_line' id='line_1_56' title="bbox 1275 1902 1456 1952; baseline -0.006 0"><span class='ocrx_word' id='word_1_322' title='bbox 1275 1909 1313 1952; x_wconf 85' lang='grc'><strong>66.</strong></span> <span class='ocrx_word' id='word_1_323' title='bbox 1341 1902 1456 1951; x_wconf 67' lang='lat' dir='ltr'><strong>nullut.</strong></span> 
     </span>
    </p>
   </div>
   <div class='ocr_carea' id='block_1_25' title="bbox 974 2047 1679 2547">
    <p class='ocr_par' dir='ltr' id='par_1_35' title="bbox 974 2047 1679 2547">
     <span class='ocr_line' id='line_1_57' title="bbox 976 2047 1611 2118; baseline -0.011 -14"><span class='ocrx_word' id='word_1_324' title='bbox 976 2053 1117 2118; x_wconf 83' lang='lat' dir='ltr'><strong>Opportune</strong></span> <span class='ocrx_word' id='word_1_325' title='bbox 1126 2050 1204 2101; x_wconf 87' lang='lat' dir='ltr'><strong>solam</strong></span> <span class='ocrx_word' id='word_1_326' title='bbox 1214 2048 1300 2100; x_wconf 79' lang='lat' dir='ltr'><strong>ridens</strong></span> <span class='ocrx_word' id='word_1_327' title='bbox 1314 2047 1431 2098; x_wconf 85' lang='lat' dir='ltr'><strong>Prodicen</strong></span> <span class='ocrx_word' id='word_1_328' title='bbox 1445 2048 1611 2113; x_wconf 84' lang='lat' dir='ltr'><strong>implorabam,</strong></span> 
     </span>
     <span class='ocr_line' id='line_1_58' title="bbox 1007 2137 1397 2200; baseline -0.018 -8"><span class='ocrx_word' id='word_1_329' title='bbox 1007 2143 1032 2192; x_wconf 91' lang='lat' dir='ltr'><strong>et</strong></span> <span class='ocrx_word' id='word_1_330' title='bbox 1046 2138 1167 2190; x_wconf 83' lang='lat' dir='ltr'><strong>ambrosia</strong></span> <span class='ocrx_word' id='word_1_331' title='bbox 1180 2137 1397 2200; x_wconf 85' lang='lat' dir='ltr'><strong>ampleruegcnua,</strong></span> 
     </span>
     <span class='ocr_line' id='line_1_59' title="bbox 976 2221 1565 2290; baseline -0.014 -11"><span class='ocrx_word' id='word_1_332' title='bbox 976 2249 988 2274; x_wconf 75' lang='grc' dir='ltr'><strong>ε</strong></span> <span class='ocrx_word' id='word_1_333' title='bbox 1003 2232 1085 2290; x_wconf 84' lang='lat' dir='ltr'><strong>serva,</strong></span> <span class='ocrx_word' id='word_1_334' title='bbox 1097 2247 1110 2272; x_wconf 75' lang='grc' dir='ltr'><strong>ν</strong></span> <span class='ocrx_word' id='word_1_335' title='bbox 1120 2226 1177 2288; x_wconf 84' lang='lat' dir='ltr'><strong>dixi,</strong></span> <span class='ocrx_word' id='word_1_336' title='bbox 1190 2245 1202 2268; x_wconf 76' lang='lat' dir='ltr'><strong>a</strong></span> <span class='ocrx_word' id='word_1_337' title='bbox 1213 2224 1336 2275; x_wconf 88' lang='lat' dir='ltr'><strong>homiuem</strong></span> <span class='ocrx_word' id='word_1_338' title='bbox 1352 2236 1423 2286; x_wconf 73' lang='lat' dir='ltr'><strong>pene</strong></span> <span class='ocrx_word' id='word_1_339' title='bbox 1434 2221 1565 2286; x_wconf 85' lang='lat' dir='ltr'><strong>perditura,</strong></span> 
     </span>
     <span class='ocr_line' id='line_1_60' title="bbox 1007 2309 1679 2380; baseline -0.018 -13"><span class='ocrx_word' id='word_1_340' title='bbox 1007 2338 1018 2362; x_wconf 77' lang='grc' dir='ltr'><strong>ι</strong></span> <span class='ocrx_word' id='word_1_341' title='bbox 1034 2319 1060 2367; x_wconf 89' lang='lat' dir='ltr'><strong>et</strong></span> <span class='ocrx_word' id='word_1_342' title='bbox 1072 2315 1202 2380; x_wconf 84' lang='lat' dir='ltr'><strong>lugientem</strong></span> <span class='ocrx_word' id='word_1_343' title='bbox 1213 2314 1271 2364; x_wconf 79' lang='lat' dir='ltr'><strong>vita</strong></span> <span class='ocrx_word' id='word_1_344' title='bbox 1280 2312 1386 2362; x_wconf 88' lang='lat' dir='ltr'><strong>halitum</strong></span> <span class='ocrx_word' id='word_1_345' title='bbox 1394 2313 1424 2362; x_wconf 86' lang='lat' dir='ltr'><strong>tir</strong></span> <span class='ocrx_word' id='word_1_346' title='bbox 1433 2310 1492 2360; x_wconf 88' lang='lat' dir='ltr'><strong>mihi</strong></span> <span class='ocrx_word' id='word_1_347' title='bbox 1501 2309 1651 2374; x_wconf 81' lang='lat' dir='ltr'><strong>gratificare!</strong></span> <span class='ocrx_word' id='word_1_348' title='bbox 1668 2333 1679 2355; x_wconf 82' lang='grc'><strong>.</strong></span> 
     </span>
     <span class='ocr_line' id='line_1_61' title="bbox 974 2396 1649 2463; baseline -0.012 -10"><span class='ocrx_word' id='word_1_349' title='bbox 974 2406 1033 2454; x_wconf 78' lang='lat' dir='ltr'><strong>llaec</strong></span> <span class='ocrx_word' id='word_1_350' title='bbox 1046 2400 1190 2452; x_wconf 79' lang='lat' dir='ltr'><strong>medicante</strong></span> <span class='ocrx_word' id='word_1_351' title='bbox 1201 2399 1317 2463; x_wconf 78' lang='lat' dir='ltr'><strong>ploravit3</strong></span> <span class='ocrx_word' id='word_1_352' title='bbox 1328 2397 1437 2452; x_wconf 85' lang='lat' dir='ltr'><strong>abstersa</strong></span> <span class='ocrx_word' id='word_1_353' title='bbox 1448 2399 1531 2447; x_wconf 87' lang='lat' dir='ltr'><strong>autem</strong></span> <span class='ocrx_word' id='word_1_354' title='bbox 1541 2396 1649 2456; x_wconf 87' lang='lat' dir='ltr'><strong>lacrima,</strong></span> 
     </span>
     <span class='ocr_line' id='line_1_62' title="bbox 1004 2469 1472 2547; baseline -0.017 -6"><span class='ocrx_word' id='word_1_355' title='bbox 1004 2487 1112 2541; x_wconf 84' lang='lat' dir='ltr'><strong>delicatis</strong></span> <span class='ocrx_word' id='word_1_356' title='bbox 1123 2501 1167 2538; x_wconf 89' lang='lat' dir='ltr'><strong>nos</strong></span> <span class='ocrx_word' id='word_1_357' title='bbox 1175 2469 1287 2537; x_wconf 78' lang='lat' dir='ltr'><strong>munibus</strong></span> <span class='ocrx_word' id='word_1_358' title='bbox 1295 2484 1472 2547; x_wconf 79' lang='lat' dir='ltr'><strong>leniter-ejecit</strong></span> 
     </span>
    </p>
   </div>
   <div class='ocr_carea' id='block_1_26' title="bbox 1243 2659 1469 2710">
    <p class='ocr_par' dir='ltr' id='par_1_36' title="bbox 1243 2659 1469 2710">
     <span class='ocr_line' id='line_1_63' title="bbox 1243 2659 1469 2710; baseline -0.018 0"><span class='ocrx_word' id='word_1_359' title='bbox 1243 2664 1282 2710; x_wconf 82' lang='lat' dir='ltr'><strong>di.</strong></span> <span class='ocrx_word' id='word_1_360' title='bbox 1298 2659 1469 2709; x_wconf 79' lang='lat' dir='ltr'><strong>CAPITONIS.</strong></span> 
     </span>
    </p>
   </div>
   <div class='ocr_carea' id='block_1_27' title="bbox 972 2811 1748 2957">
    <p class='ocr_par' dir='ltr' id='par_1_37' title="bbox 972 2811 1748 2957">
     <span class='ocr_line' id='line_1_64' title="bbox 972 2811 1748 2880; baseline -0.008 -11"><span class='ocrx_word' id='word_1_361' title='bbox 972 2811 1748 2880; x_wconf 64' lang='lat' dir='ltr'><strong>venustaseiuegratiisdelectatianturumcdo,eednonrelincb</strong></span> 
     </span>
     <span class='ocr_line' id='line_1_65' title="bbox 1004 2903 1357 2957; baseline -0.014 -1"><span class='ocrx_word' id='word_1_362' title='bbox 1004 2908 1033 2957; x_wconf 90' lang='lat' dir='ltr'><strong>ut</strong></span> <span class='ocrx_word' id='word_1_363' title='bbox 1043 2903 1174 2955; x_wconf 88' lang='lat' dir='ltr'><strong>sinehamu</strong></span> <span class='ocrx_word' id='word_1_364' title='bbox 1189 2905 1275 2952; x_wconf 86' lang='lat' dir='ltr'><strong>natans</strong></span> <span class='ocrx_word' id='word_1_365' title='bbox 1293 2915 1357 2952; x_wconf 85' lang='lat' dir='ltr'><strong>esca.</strong></span> 
     </span>
    </p>
   </div>
   <div class='ocr_carea' id='block_1_28' title="bbox 1064 3085 1671 3147">
    <p class='ocr_par' dir='ltr' id='par_1_38' title="bbox 1064 3085 1671 3147">
     <span class='ocr_line' id='line_1_66' title="bbox 1064 3085 1671 3147; baseline -0.013 -7"><span class='ocrx_word' id='word_1_366' title='bbox 1064 3094 1102 3140; x_wconf 84' lang='grc'><strong>68.</strong></span> <span class='ocrx_word' id='word_1_367' title='bbox 1120 3089 1266 3147; x_wconf 80' lang='lat' dir='ltr'><strong>LUCILLII,</strong></span> <span class='ocrx_word' id='word_1_368' title='bbox 1282 3085 1335 3136; x_wconf 82' lang='lat' dir='ltr'><strong>aliis</strong></span> <span class='ocrx_word' id='word_1_369' title='bbox 1350 3085 1522 3135; x_wconf 71' lang='lat' dir='ltr'><strong>tonationis</strong></span> <span class='ocrx_word' id='word_1_370' title='bbox 1538 3085 1671 3134; x_wconf 76' lang='lat' dir='ltr'><strong>Pontici.</strong></span> 
     </span>
    </p>
   </div>
   <div class='ocr_carea' id='block_1_29' title="bbox 973 3301 1601 3455">
    <p class='ocr_par' dir='ltr' id='par_1_39' title="bbox 973 3301 1601 3455">
     <span class='ocr_line' id='line_1_67' title="bbox 973 3301 1527 3367; baseline -0.018 -8"><span class='ocrx_word' id='word_1_371' title='bbox 973 3308 1016 3359; x_wconf 81' lang='lat' dir='ltr'><strong>Vel</strong></span> <span class='ocrx_word' id='word_1_372' title='bbox 1030 3319 1111 3361; x_wconf 86' lang='lat' dir='ltr'><strong>amare</strong></span> <span class='ocrx_word' id='word_1_373' title='bbox 1120 3305 1183 3366; x_wconf 90' lang='lat' dir='ltr'><strong>dele,</strong></span> <span class='ocrx_word' id='word_1_374' title='bbox 1191 3302 1295 3367; x_wconf 81' lang='lat' dir='ltr'><strong>(lupide,</strong></span> <span class='ocrx_word' id='word_1_375' title='bbox 1305 3304 1395 3363; x_wconf 86' lang='lat' dir='ltr'><strong>tutum,</strong></span> <span class='ocrx_word' id='word_1_376' title='bbox 1405 3301 1444 3351; x_wconf 86' lang='lat' dir='ltr'><strong>vel</strong></span> <span class='ocrx_word' id='word_1_377' title='bbox 1452 3301 1527 3350; x_wconf 86' lang='lat' dir='ltr'><strong>amari</strong></span> 
     </span>
     <span class='ocr_line' id='line_1_68' title="bbox 1003 3387 1601 3455; baseline -0.017 -9"><span class='ocrx_word' id='word_1_378' title='bbox 1003 3395 1074 3455; x_wconf 86' lang='lat' dir='ltr'><strong>adde,</strong></span> <span class='ocrx_word' id='word_1_379' title='bbox 1084 3396 1114 3445; x_wconf 88' lang='lat' dir='ltr'><strong>nt</strong></span> <span class='ocrx_word' id='word_1_380' title='bbox 1123 3395 1166 3443; x_wconf 89' lang='lat' dir='ltr'><strong>aut</strong></span> <span class='ocrx_word' id='word_1_381' title='bbox 1179 3392 1259 3442; x_wconf 83' lang='lat' dir='ltr'><strong>solvas</strong></span> <span class='ocrx_word' id='word_1_382' title='bbox 1266 3388 1423 3450; x_wconf 82' lang='lat' dir='ltr'><strong>desiderium,</strong></span> <span class='ocrx_word' id='word_1_383' title='bbox 1434 3391 1477 3438; x_wconf 88' lang='lat' dir='ltr'><strong>aut</strong></span> <span class='ocrx_word' id='word_1_384' title='bbox 1490 3387 1601 3438; x_wconf 88' lang='lat' dir='ltr'><strong>misceas.</strong></span> 
     </span>
    </p>
   </div>
   <div class='ocr_carea' id='block_1_30' title="bbox 1270 3505 1438 3592">
    <p class='ocr_par' dir='ltr' id='par_1_40' title="bbox 1270 3505 1438 3592">
     <span class='ocr_line' id='line_1_69' title="bbox 1270 3505 1438 3592; baseline -0.024 0"><span class='ocrx_word' id='word_1_385' title='bbox 1270 3505 1438 3592; x_wconf 75' lang='lat' dir='ltr'><strong>canneru.</strong></span> 
     </span>
    </p>
   </div>
   <div class='ocr_carea' id='block_1_31' title="bbox 902 3689 1517 3752">
    <p class='ocr_par' dir='ltr' id='par_1_41' title="bbox 902 3689 1517 3752">
     <span class='ocr_line' id='line_1_70' title="bbox 902 3689 1517 3752; baseline -0.018 -4"><span class='ocrx_word' id='word_1_386' title='bbox 902 3744 903 3748; x_wconf 75' lang='grc'><strong>,</strong></span> <span class='ocrx_word' id='word_1_387' title='bbox 972 3689 1345 3746; x_wconf 72' lang='lat' dir='ltr'><strong>Pallesetlunoaurciscalceis</strong></span> <span class='ocrx_word' id='word_1_388' title='bbox 1358 3690 1489 3752; x_wconf 79' lang='lat' dir='ltr'><strong>conspecta</strong></span> <span class='ocrx_word' id='word_1_389' title='bbox 1515 3693 1517 3698; x_wconf 86' lang='lat'>&#39;</span> 
     </span>
    </p>
   </div>
   <div class='ocr_carea' id='block_1_32' title="bbox 973 3847 1685 4156">
    <p class='ocr_par' dir='ltr' id='par_1_42' title="bbox 973 3847 1685 4156">
     <span class='ocr_line' id='line_1_71' title="bbox 1008 3847 1536 3918; baseline -0.013 -16"><span class='ocrx_word' id='word_1_390' title='bbox 1008 3857 1096 3918; x_wconf 82' lang='lat' dir='ltr'><strong>Lapsus</strong></span> <span class='ocrx_word' id='word_1_391' title='bbox 1110 3851 1140 3900; x_wconf 88' lang='lat' dir='ltr'><strong>ad</strong></span> <span class='ocrx_word' id='word_1_392' title='bbox 1151 3849 1231 3916; x_wconf 83' lang='lat' dir='ltr'><strong>ipsius,</strong></span> <span class='ocrx_word' id='word_1_393' title='bbox 1245 3847 1350 3914; x_wconf 80' lang='lat' dir='ltr'><strong>supplice</strong></span> <span class='ocrx_word' id='word_1_394' title='bbox 1360 3863 1443 3908; x_wconf 86' lang='lat' dir='ltr'><strong>more,</strong></span> <span class='ocrx_word' id='word_1_395' title='bbox 1455 3848 1536 3913; x_wconf 87' lang='lat' dir='ltr'><strong>pedes,</strong></span> 
     </span>
     <span class='ocr_line' id='line_1_72' title="bbox 973 3927 1685 3992; baseline -0.011 -8"><span class='ocrx_word' id='word_1_396' title='bbox 973 3937 1045 3985; x_wconf 77' lang='lat' dir='ltr'><strong>Serva</strong></span> <span class='ocrx_word' id='word_1_397' title='bbox 1060 3932 1188 3991; x_wconf 87' lang='lat' dir='ltr'><strong>bominem,</strong></span> <span class='ocrx_word' id='word_1_398' title='bbox 1200 3929 1259 3991; x_wconf 80' lang='lat' dir='ltr'><strong>dixi,</strong></span> <span class='ocrx_word' id='word_1_399' title='bbox 1270 3929 1309 3978; x_wconf 90' lang='lat' dir='ltr'><strong>cui</strong></span> <span class='ocrx_word' id='word_1_400' title='bbox 1322 3944 1386 3976; x_wconf 87' lang='lat' dir='ltr'><strong>mors</strong></span> <span class='ocrx_word' id='word_1_401' title='bbox 1398 3927 1474 3992; x_wconf 74' lang='lat' dir='ltr'><strong>gravis</strong></span> <span class='ocrx_word' id='word_1_402' title='bbox 1483 3927 1598 3985; x_wconf 83' lang='lat' dir='ltr'><strong>imminet,</strong></span> <span class='ocrx_word' id='word_1_403' title='bbox 1611 3936 1634 3976; x_wconf 85' lang='lat' dir='ltr'><strong>et</strong></span> <span class='ocrx_word' id='word_1_404' title='bbox 1650 3927 1685 3976; x_wconf 83' lang='lat' dir='ltr'><strong>iac</strong></span> 
     </span>
     <span class='ocr_line' id='line_1_73' title="bbox 1006 4010 1583 4076; baseline -0.012 -10"><span class='ocrx_word' id='word_1_405' title='bbox 1006 4017 1114 4065; x_wconf 85' lang='lat' dir='ltr'><strong>Muneris</strong></span> <span class='ocrx_word' id='word_1_406' title='bbox 1128 4013 1189 4064; x_wconf 90' lang='lat' dir='ltr'><strong>hanc</strong></span> <span class='ocrx_word' id='word_1_407' title='bbox 1196 4013 1306 4071; x_wconf 87' lang='lat' dir='ltr'><strong>animam,</strong></span> <span class='ocrx_word' id='word_1_408' title='bbox 1320 4027 1373 4076; x_wconf 76' lang='lat' dir='ltr'><strong>qum</strong></span> <span class='ocrx_word' id='word_1_409' title='bbox 1387 4010 1458 4074; x_wconf 79' lang='lat' dir='ltr'><strong>fugit,</strong></span> <span class='ocrx_word' id='word_1_410' title='bbox 1474 4026 1523 4058; x_wconf 84' lang='lat' dir='ltr'><strong>esse.</strong></span> <span class='ocrx_word' id='word_1_411' title='bbox 1539 4011 1583 4059; x_wconf 90' lang='lat' dir='ltr'><strong>tui.</strong></span> 
     </span>
     <span class='ocr_line' id='line_1_74' title="bbox 974 4093 1585 4156; baseline -0.013 -7"><span class='ocrx_word' id='word_1_412' title='bbox 974 4099 1064 4156; x_wconf 80' lang='lat' dir='ltr'><strong>Flebat,</strong></span> <span class='ocrx_word' id='word_1_413' title='bbox 1077 4108 1103 4148; x_wconf 88' lang='lat' dir='ltr'><strong>ut</strong></span> <span class='ocrx_word' id='word_1_414' title='bbox 1114 4096 1221 4147; x_wconf 84' lang='lat' dir='ltr'><strong>audierat</strong></span> <span class='ocrx_word' id='word_1_415' title='bbox 1231 4111 1237 4145; x_wconf 92' lang='lat'><strong>:</strong></span> <span class='ocrx_word' id='word_1_416' title='bbox 1249 4095 1288 4143; x_wconf 87' lang='lat' dir='ltr'><strong>sed</strong></span> <span class='ocrx_word' id='word_1_417' title='bbox 1299 4093 1380 4142; x_wconf 86' lang='lat' dir='ltr'><strong>ilentia</strong></span> <span class='ocrx_word' id='word_1_418' title='bbox 1392 4094 1481 4142; x_wconf 87' lang='lat' dir='ltr'><strong>lumine</strong></span> <span class='ocrx_word' id='word_1_419' title='bbox 1495 4093 1585 4142; x_wconf 77' lang='lat' dir='ltr'><strong>siccans</strong></span> 
     </span>
    </p>
   </div>
   <div class='ocr_carea' id='block_1_33' title="bbox 1006 4176 1466 4243">
    <p class='ocr_par' dir='ltr' id='par_1_43' title="bbox 1006 4176 1466 4243">
     <span class='ocr_line' id='line_1_75' title="bbox 1006 4176 1466 4243; baseline -0.013 -11"><span class='ocrx_word' id='word_1_420' title='bbox 1006 4185 1078 4233; x_wconf 87' lang='lat' dir='ltr'><strong>Nosa</strong></span> <span class='ocrx_word' id='word_1_421' title='bbox 1090 4197 1114 4230; x_wconf 81' lang='lat' dir='ltr'><strong>ae</strong></span> <span class='ocrx_word' id='word_1_422' title='bbox 1124 4189 1204 4230; x_wconf 86' lang='lat' dir='ltr'><strong>tenera</strong></span> <span class='ocrx_word' id='word_1_423' title='bbox 1215 4177 1319 4243; x_wconf 82' lang='lat' dir='ltr'><strong>reppulit</strong></span> <span class='ocrx_word' id='word_1_424' title='bbox 1333 4176 1374 4225; x_wconf 88' lang='lat' dir='ltr'><strong>illa</strong></span> <span class='ocrx_word' id='word_1_425' title='bbox 1385 4192 1466 4226; x_wconf 82' lang='lat' dir='ltr'><strong>manu.</strong></span> 
     </span>
    </p>
   </div>
   <div class='ocr_carea' id='block_1_34' title="bbox 1255 4330 1450 4390">
    <p class='ocr_par' dir='ltr' id='par_1_44' title="bbox 1255 4330 1450 4390">
     <span class='ocr_line' id='line_1_76' title="bbox 1255 4330 1450 4390; baseline -0.005 -13"><span class='ocrx_word' id='word_1_426' title='bbox 1255 4330 1296 4390; x_wconf 76' lang='lat'><strong>67,</strong></span> <span class='ocrx_word' id='word_1_427' title='bbox 1317 4343 1450 4376; x_wconf 81' lang='lat' dir='ltr'><strong>crrrronrs.</strong></span> 
     </span>
    </p>
   </div>
   <div class='ocr_carea' id='block_1_35' title="bbox 976 4472 1763 4622">
    <p class='ocr_par' dir='ltr' id='par_1_45' title="bbox 976 4472 1763 4622">
     <span class='ocr_line' id='line_1_77' title="bbox 976 4472 1763 4542; baseline -0.013 -12"><span class='ocrx_word' id='word_1_428' title='bbox 976 4484 1061 4530; x_wconf 83' lang='lat' dir='ltr'><strong>Forma</strong></span> <span class='ocrx_word' id='word_1_429' title='bbox 1072 4478 1123 4528; x_wconf 85' lang='lat' dir='ltr'><strong>sine</strong></span> <span class='ocrx_word' id='word_1_430' title='bbox 1134 4475 1252 4527; x_wconf 81' lang='lat' dir='ltr'><strong>illecebris</strong></span> <span class='ocrx_word' id='word_1_431' title='bbox 1262 4476 1349 4542; x_wconf 86' lang='lat' dir='ltr'><strong>placet,</strong></span> <span class='ocrx_word' id='word_1_432' title='bbox 1367 4483 1392 4523; x_wconf 87' lang='lat' dir='ltr'><strong>at</strong></span> <span class='ocrx_word' id='word_1_433' title='bbox 1403 4472 1486 4538; x_wconf 89' lang='lat' dir='ltr'><strong>nequit</strong></span> <span class='ocrx_word' id='word_1_434' title='bbox 1501 4488 1548 4522; x_wconf 84' lang='lat' dir='ltr'><strong>una</strong></span> <span class='ocrx_word' id='word_1_435' title='bbox 1557 4481 1655 4534; x_wconf 58' lang='lat' dir='ltr'><strong>tenere}</strong></span> <span class='ocrx_word' id='word_1_436' title='bbox 1758 4496 1763 4505; x_wconf 94' lang='lat'><em>·</em></span> 
     </span>
     <span class='ocr_line' id='line_1_78' title="bbox 1008 4555 1548 4622; baseline -0.011 -13"><span class='ocrx_word' id='word_1_437' title='bbox 1008 4565 1064 4610; x_wconf 80' lang='lat' dir='ltr'><strong>AEra</strong></span> <span class='ocrx_word' id='word_1_438' title='bbox 1075 4559 1119 4608; x_wconf 89' lang='lat' dir='ltr'><strong>nisi</strong></span> <span class='ocrx_word' id='word_1_439' title='bbox 1131 4558 1232 4618; x_wconf 86' lang='lat' dir='ltr'><strong>subsint,</strong></span> <span class='ocrx_word' id='word_1_440' title='bbox 1244 4557 1301 4622; x_wconf 88' lang='lat' dir='ltr'><strong>quid</strong></span> <span class='ocrx_word' id='word_1_441' title='bbox 1314 4555 1370 4604; x_wconf 85' lang='lat' dir='ltr'><strong>iacit</strong></span> <span class='ocrx_word' id='word_1_442' title='bbox 1379 4570 1431 4604; x_wconf 83' lang='lat' dir='ltr'><strong>esca</strong></span> <span class='ocrx_word' id='word_1_443' title='bbox 1445 4559 1548 4604; x_wconf 80' lang='lat' dir='ltr'><strong>natans?</strong></span> 
     </span>
    </p>
   </div>
   <div class='ocr_carea' id='block_1_36' title="bbox 1271 4695 1452 4744">
    <p class='ocr_par' dir='ltr' id='par_1_46' title="bbox 1271 4695 1452 4744">
     <span class='ocr_line' id='line_1_79' title="bbox 1271 4695 1452 4744; baseline 0.011 -2"><span class='ocrx_word' id='word_1_444' title='bbox 1271 4695 1311 4743; x_wconf 77' lang='lat'><strong>58.</strong></span> <span class='ocrx_word' id='word_1_445' title='bbox 1327 4711 1452 4744; x_wconf 78' lang='lat' dir='ltr'><strong>anciran.</strong></span> 
     </span>
    </p>
   </div>
   <div class='ocr_carea' id='block_1_37' title="bbox 976 4829 1592 4963">
    <p class='ocr_par' dir='ltr' id='par_1_47' title="bbox 976 4829 1592 4963">
     <span class='ocr_line' id='line_1_80' title="bbox 976 4829 1592 4896; baseline 0.002 -17"><span class='ocrx_word' id='word_1_446' title='bbox 976 4829 1052 4879; x_wconf 74' lang='lat' dir='ltr'><strong>Aufer</strong></span> <span class='ocrx_word' id='word_1_447' title='bbox 1061 4844 1140 4879; x_wconf 88' lang='lat' dir='ltr'><strong>amare</strong></span> <span class='ocrx_word' id='word_1_448' title='bbox 1152 4845 1241 4890; x_wconf 88' lang='lat' dir='ltr'><strong>meum,</strong></span> <span class='ocrx_word' id='word_1_449' title='bbox 1258 4831 1294 4879; x_wconf 81' lang='lat' dir='ltr'><strong>rel</strong></span> <span class='ocrx_word' id='word_1_450' title='bbox 1304 4830 1473 4894; x_wconf 87' lang='lat' dir='ltr'><strong>amarijunge,</strong></span> <span class='ocrx_word' id='word_1_451' title='bbox 1485 4830 1592 4896; x_wconf 87' lang='lat' dir='ltr'><strong>Cupido;</strong></span> 
     </span>
     <span class='ocr_line' id='line_1_81' title="bbox 1009 4910 1472 4963; baseline 0.004 -2"><span class='ocrx_word' id='word_1_452' title='bbox 1009 4915 1043 4961; x_wconf 89' lang='lat' dir='ltr'><strong>Ut</strong></span> <span class='ocrx_word' id='word_1_453' title='bbox 1053 4911 1091 4960; x_wconf 81' lang='lat' dir='ltr'><strong>fax</strong></span> <span class='ocrx_word' id='word_1_454' title='bbox 1104 4910 1140 4961; x_wconf 80' lang='lat' dir='ltr'><strong>vel</strong></span> <span class='ocrx_word' id='word_1_455' title='bbox 1151 4911 1214 4962; x_wconf 77' lang='lat' dir='ltr'><strong>vivat</strong></span> <span class='ocrx_word' id='word_1_456' title='bbox 1226 4913 1299 4962; x_wconf 86' lang='lat' dir='ltr'><strong>mixta</strong></span> <span class='ocrx_word' id='word_1_457' title='bbox 1311 4913 1348 4962; x_wconf 85' lang='lat' dir='ltr'><strong>rel</strong></span> <span class='ocrx_word' id='word_1_458' title='bbox 1361 4913 1472 4963; x_wconf 88' lang='lat' dir='ltr'><strong>intereat.</strong></span> 
     </span>
    </p>
   </div>
   <div class='ocr_carea' id='block_1_38' title="bbox 1285 5062 1442 5125">
    <p class='ocr_par' dir='ltr' id='par_1_48' title="bbox 1285 5062 1442 5125">
     <span class='ocr_line' id='line_1_82' title="bbox 1285 5062 1442 5125; baseline -0.006 -16"><span class='ocrx_word' id='word_1_459' title='bbox 1285 5062 1326 5125; x_wconf 82' lang='lat'><strong>69.</strong></span> <span class='ocrx_word' id='word_1_460' title='bbox 1345 5076 1442 5109; x_wconf 77' lang='lat' dir='ltr'><strong>aurunt.</strong></span> 
     </span>
    </p>
   </div>
   <div class='ocr_carea' id='block_1_39' title="bbox 975 5206 1554 5278">
    <p class='ocr_par' dir='ltr' id='par_1_49' title="bbox 975 5206 1554 5278">
     <span class='ocr_line' id='line_1_83' title="bbox 975 5206 1554 5278; baseline -0.005 -20"><span class='ocrx_word' id='word_1_461' title='bbox 975 5206 1096 5259; x_wconf 86' lang='lat' dir='ltr'><strong>Moeonida</strong></span> <span class='ocrx_word' id='word_1_462' title='bbox 1108 5209 1198 5278; x_wconf 77' lang='lat' dir='ltr'><strong>aspexit</strong></span> <span class='ocrx_word' id='word_1_463' title='bbox 1206 5225 1261 5259; x_wconf 86' lang='lat' dir='ltr'><strong>cunr</strong></span> <span class='ocrx_word' id='word_1_464' title='bbox 1271 5209 1347 5259; x_wconf 87' lang='lat' dir='ltr'><strong>Pallas</strong></span> <span class='ocrx_word' id='word_1_465' title='bbox 1361 5219 1385 5257; x_wconf 92' lang='lat' dir='ltr'><strong>et</strong></span> <span class='ocrx_word' id='word_1_466' title='bbox 1395 5211 1554 5267; x_wconf 79' lang='lat' dir='ltr'><strong>aurealuno,</strong></span> 
     </span>
    </p>
   </div>
   <div class='ocr_carea' id='block_1_40' title="bbox 0 0 1975 5952">
    <p class='ocr_par' dir='ltr' id='par_1_50' title="bbox 0 0 1975 5952">
     <span class='ocr_line' id='line_1_84' title="bbox 0 0 1975 5952; baseline 0 0"><span class='ocrx_word' id='word_1_467' title='bbox 0 0 1975 5952; x_wconf 95' lang='lat' dir='ltr'><strong> </strong></span> 
     </span>
    </p>
   </div>
  </div>
 </body>
</html>
