3914 5948
259 415 319 478 sss
827 383 1083 467 smnonuoms
1105 401 1309 464 anninus·

259 543 367 626 ῥηϊδίως
381 541 502 602 πείθοντα
517 539 683 598 δικασπόλον·
700 537 766 596 iiii
783 538 894 606 δικάζων

301 632 395 691 οὔποτε
409 633 455 700 τῆς
469 631 545 706 ὀρθῆς
559 628 612 686 οὐδ’
625 625 685 686 doct
700 626 839 704 ἐτράπετο.

450 779 519 831 574.
543 770 712 832 ΑΙἋΘΙΟΥ
733 770 848 829 ΣΧΟΛ.

260 910 365 987 Θεσμολ
381 908 428 985 μέν
440 911 591 985 μεμίληντο
605 908 726 979 συνήθεις
742 909 909 989 Ἀγαθονίκιμ·

306 1000 395 1076 Μοῖρα
410 995 437 1054 δέ
452 995 593 1072 δειμαίνειν
609 998 638 1053 οὗ
656 995 766 1067 δεδάηκε
781 996 887 1074 νόμους·

264 1085 331 1144 till
347 1107 391 1158 μιν
406 1081 547 1163 ἁρπάξασα
562 1085 648 1162 σοφῶν
660 1083 760 1160 ἥμτρσε
775 1084 913 1159 θεμίστων,

304 1171 377 1230 οὖποι
390 1173 438 1240 τῆς
450 1171 564 1247 νομίμης
579 1170 693 1249 ἔμπλεον
708 1172 820 1243 ἡλικίης.

222 1281 236 1320 ο
264 1259 367 1340 Οθκτρδ
382 1259 406 1317 δ’
419 1257 485 1337 ὑπὲρ
498 1258 609 1334 τόμδοιο
622 1260 854 1339 κατεστονάχησαν
869 1261 966 1339 ἑταῖροι

304 1348 430 1424 κείμενον,
443 1338 472 1407 οὗ
488 1347 577 1408 θιάσου
590 1347 687 1424 κόσμον
700 1348 863 1428 ὀδυρόμενοι·

264 1443 281 1510 ἡ
298 1435 324 1497 δί
339 1435 424 1512 κόμην
439 1436 564 1496 τίλλουσα
577 1437 631 1517 γόῳ
646 1437 803 1507 πληκτίζετο
817 1436 922 1517 μήτηρ,

305 1529 375 1599 αἰαῖ,
386 1524 431 1584 τδν
445 1525 562 1603 λαγόνων
575 1526 671 1607 μόχθον
685 1527 859 1608 ἐπισταμένη.

265 1611 374 1694 Ἔμπης
388 1612 474 1678 oliuo<
485 1606 559 1682 οὗτος
569 1660 577 1691 ,
589 1613 616 1681 δς
630 1615 656 1674 ἐν
672 1613 774 1685 νεότητι
785 1616 925 1696 μαρανθείς

83 1719 86 1724 ·
183 1723 188 1728 ·
213 1714 239 1756 tt
306 1701 401 1782 ἔκφυγε
415 1701 463 1772 τὴν
480 1703 566 1779 βιότου
579 1705 673 1760 θᾶσσον
689 1701 871 1780 δλιτροσιίνην.

360 1850 428 1900 sts.
452 1840 646 1900 ΛΕΟΝΤΙΟΥ
666 1839 953 1902 ΣΧΟΛΑΣΤΙΚΟΥ.

267 1983 349 2058 Σῆμα
361 1979 467 2046 Ῥόδης·
481 1980 566 2060 Τυρίη
582 1979 609 2039 di
621 1982 686 2059 γυνὴ
701 1981 788 2040 πέλεν·
801 1981 858 2041 άντί
869 1981 897 2043 δὲ
909 1983 1010 2062 πάτρης

306 2068 377 2129 ίκετο
391 2068 468 2139 τήνδε
481 2068 567 2140 πόλιν,
582 2069 716 2145 κηδομένη
732 2070 839 2130 τεκέων.

269 2155 342 2227 Αὐτὴ
354 2157 520 2234 δειμνήστοιο
530 2156 606 2236 λέχος
619 2156 739 2229 κόσμησε
754 2159 901 2234 lemtim,

306 2243 333 2310 δς
347 2243 429 2324 πάρος
443 2244 564 2322 εὐνομίης
579 2243 672 2321 ίδμονα
685 2249 748 2316 θῆκε
761 2246 849 2308 πολιν.

268 2335 354 2412 Γρῆῦς
369 2332 416 2408 μὲν
432 2333 511 2412 μόρον
525 2325 608 2412 εὗρεν,
625 2333 717 2412 ὄφελλε
731 2333 759 2393 δέ
773 2334 855 2414 μυρία
866 2335 951 2394 κύκλα

308 2420 391 2489 ζώειν·
405 2425 458 2482 τῶν
471 2423 574 2498 ἀγαθῶν
589 2423 618 2480 οὐ
634 2420 782 2501 δεχόμτσθα
797 2421 885 2502 κόρον.

326 2573 394 2622 576.
414 2563 625 2624 interlitos
647 2565 727 2623 nilo
749 2565 889 2626 inlex.
912 2568 987 2629 ΑΠ’.

270 2735 412 2808 Κάτθανες,
428 2724 450 2794 tis
465 2737 592 2816 [Ιιίρῤοινς
607 2760 633 2796 α.
654 2735 773 2817 Ἐπόχου.
787 2743 812 2816 β.
834 2671 1052 2820 Πυμάιλόωγέέθδ

309 2824 358 2902 pite
370 2823 487 2904 ἐπέχειν,
502 2849 529 2886 α.
542 2823 662 2904 Ἐπόχου.
682 2830 709 2905 β.
732 2827 832 2908 Σκάψιν
845 2829 943 2889 ἔπαυσε
956 2833 1048 2912 τάρος.

539 2941 601 2992 577.
623 2945 683 2989 Tot
697 2945 803 2990 ΑΥΤΟΥ.

267 3073 362 3142 Ὅστις
376 3099 409 3151 με
424 3077 545 3154 τριόδοισι
559 3075 652 3152 μέσαις
664 3077 777 3156 τόρχυσε
796 3077 921 3153 θανόντα,

309 3163 391 3242 λυγρδι
405 3161 495 3222 παθὼν
509 3162 610 3240 τόμδοο
627 3166 689 3242 μηδ’
702 3166 798 3243 ὀλίγοιο
810 3165 900 3245 τύχοι,

267 3252 364 3317 πάντες
378 3251 433 3310 ἐπεὶ
446 3255 472 3311 Τ
473 3251 558 3327 ίμωνα
572 3253 648 3310 νέκυν
662 3253 800 3312 πατίουσιν
812 3255 910 3327 ὁδῖται,

309 3339 353 3397 καί
368 3339 446 3418 μόρος
459 3339 529 3415 άμμι
546 3339 632 3413 μόνοις
646 3339 765 3420 άμμορος
779 3341 900 3422 ἡσυχίης.

373 3489 439 3538 578.
466 3480 634 3539 alteror
659 3481 944 3542 ΣΧΟΛΑΣΤΙΚΟΥ.

263 3617 323 3676 Tit
338 3617 463 3697 κρατερὸν
479 3621 628 3690 Πανοπῆα,
641 3617 684 3677 τδν
700 3623 847 3700 άγμευτῆρα
860 3622 983 3694 λεόντοιν,

1090 543 1161 594 facilc
1174 542 1362 607 persuadentem
1371 541 1466 605 judici:
1482 540 1526 590 scd
1535 541 1649 608 judicans
1663 543 1716 606 ipsc

1121 644 1248 695 nunquam
1259 644 1275 680 a
1288 630 1405 681 recta-vis
1422 642 1454 678 ne
1467 627 1591 678 tantillum
1604 628 1703 692 quidem
1717 630 1850 684 deflectebat.

1257 775 1312 822 stt.
1324 771 1480 840 ,AGnTfflAE
1495 770 1710 820 scironsst'tct.

1091 915 1167 975 Leges
1180 910 1280 975 quidem
1291 909 1466 962 curso-inerant
1479 908 1655 959 velut-sodales
1668 909 1820 973 Agatironicm

1123 1003 1198 1050 Parca
1209 1003 1294 1050 sutem
1305 999 1392 1049 timere
1405 1013 1453 1048 non
1466 996 1552 1049 didicit
1564 998 1643 1058 iegcs3

1091 1087 1136 1138 sed
1144 1100 1203 1137 eum
1215 1085 1331 1150 rapuitet
1344 1085 1496 1150 sapientibus
1506 1083 1602 1136 divellit
1615 1084 1751 1147 aJ‘uribus,

1123 1175 1232 1225 nondum
1244 1174 1352 1239 legitima
1362 1174 1463 1238 plenum
1474 1176 1557 1224 εοθοθο.

1092 1263 1261 1314 miserabiliter
1269 1265 1352 1312 sutem
1363 1275 1437 1325 super
1448 1260 1546 1311 tumulo
1555 1259 1711 1311 deleverunt
1722 1260 1808 1312 sodales

1120 1352 1254 1414 jacentem,
1267 1349 1306 1400 sui
1317 1349 1386 1400 ebori
1398 1351 1568 1400 ornamentum
1582 1348 1746 1412 deplorantes.

1092 1440 1194 1489 ὒοιιιαιο
1203 1441 1286 1489 autem
1301 1437 1469 1489 velleusluctu
1482 1437 1643 1502 plangebatur
1657 1440 1747 1497 mater,

1123 1525 1186 1588 beu,
1198 1525 1262 1588 beu,
1273 1525 1313 1576 sui
1327 1525 1392 1576 uteri
1403 1525 1511 1576 laborem
1521 1525 1611 1576 wicus

1093 1615 1206 1666 Attamen
1215 1613 1303 1665 beatus
1313 1613 1366 1674 ille,
1376 1613 1419 1677 qni
1428 1613 1454 1662 in
1463 1614 1594 1677 juventute
1605 1613 1746 1664 tabeiocbus

1124 1702 1213 1766 elingit
1225 1703 1284 1752 vitae
1296 1701 1370 1752 citius
1382 1702 1482 1752 scelera.

1270 1859 1324 1905 57⁵.
1342 1856 1468 1905 LEONTII
1482 1855 1696 1906 seriosissict.

1093 1995 1237 2058 sepulcrum
1247 1993 1295 2045 ltoc
1304 1993 1415 2046 Rhodes:
1424 1995 1497 2059 'lyris
1512 1995 1600 2046 mulier
1607 1997 1672 2052 eret;
1680 1994 1729 2045 sed
1738 1995 1850 2058 propatris

1125 2082 1187 2133 adiit
1198 2082 1262 2134 hano
1274 2082 1375 2144 urbem,
1389 2081 1576 2150 miram-habens
1592 2095 1738 2146 puerorum.

1098 2175 1155 2236 ipss
1167 2170 1425 2236 semper-memorandi
1437 2171 1530 2223 lectum
1542 2171 1640 2222 ornavit
1651 2171 1771 2230 Gemelli,

1125 2259 1168 2323 qui
1178 2262 1251 2311 antea
1259 2259 1469 2324 benamu-legum
1481 2261 1597 2311 scientm
1610 2259 1731 2324 prestitit
1740 2259 1825 2308 urben.

1095 2353 1164 2400 Anus
1172 2349 1271 2413 quidem
1280 2349 1358 2399 iatum
1366 2349 1466 2410 invenit,
1474 2348 1579 2400 debebat
1588 2361 1647 2400 vero
1655 2351 1783 2399 sexoemos
1791 2361 1860 2397 annos
1930 2393 1931 2396 ,

1127 2437 1209 2488 vivere
1220 2457 1226 2486 :
1236 2436 1357 2508 bonorum
1369 2449 1417 2485 non
1428 2436 1578 2500 concipimus
1590 2437 1740 2487 satietatem.

1234 2590 1288 2636 576.
1306 2587 1429 2636 JULIltlll
1446 2588 1484 2635 iiii
1501 2587 1598 2636 PltAEl'.
1616 2587 1742 2636 AEGYPT.

1249 2715 1253 2722 .
1623 2717 1631 2732 ,
1781 2669 1862 2734 [latum

1096 2771 1122 2807 o.
1133 2758 1290 2818 Mortuueee,
1305 2773 1320 2806 o
1335 2756 1445 2820 Pyrrho?
1463 2757 1486 2807 b.
1500 2757 1603 2808 limito.
1619 2771 1646 2808 o.
1660 2760 1801 2809 Extremum
1815 2763 1861 2821 post

1128 2845 1283 2897 aisiraesitare
1290 2849 1300 2896 t
1307 2846 1331 2896 b.
1340 2846 1441 2897 ilesito.
1451 2861 1476 2897 n.
1486 2846 1671 2898 iiaesitntioneru
1681 2847 1745 2901 liniit
1755 2847 1860 2898 tumulus.

1377 2961 1431 3008 bil.
1455 2969 1604 3012 nsusnitn.

1097 3087 1215 3155 Quisquis
1225 3102 1264 3138 me
1274 3089 1353 3139 triviis
1366 3092 1393 3140 itt
1406 3088 1493 3145 mediis
1506 3089 1617 3154 sepelivit
1628 3094 1767 3156 montrum,
1811 3091 1859 3154 [itu.

1129 3177 1221 3226 utinam
1233 3191 1372 3228 serumnosa
1383 3191 1470 3242 passus
1481 3192 1527 3230 nec
1539 3182 1639 3231 tenuem
1655 3181 1777 3233 tumulum
1788 3180 1857 3230 soriis

1097 3263 1177 3312 cuncti
1189 3261 1304 3325 quoniam
1318 3264 1443 3314 Timonem
1456 3267 1581 3315 mortuum
1594 3267 1689 3318 osimnt
1705 3268 1817 3328 miore,

1128 3353 1153 3399 et
1165 3349 1316 3400 sors-ultima
1329 3351 1399 3401 nobis
1413 3350 1470 3401 solis
1484 3365 1567 3403 exsors
1580 3357 1618 3404 est
1630 3353 1729 3417 quictis

1262 3497 1316 3543 sit.
1333 3495 1482 3544 AGATHIAE
1498 3495 1715 3546 scholastici.

1097 3632 1214 3683 validum
1224 3637 1380 3698 pompeam,
1393 3636 1535 3684 venatorem
1547 3635 1663 3697 leonum,

272 3721 1852 3754 Ἢ

269 3783 394 3833 iudicibus
408 3795 515 3850 prorutus
527 3801 569 3834 sus
584 3787 741 3852 persuadere3
752 3789 793 3837 sed
808 3789 858 3855 ipse

302 3867 379 3916 Judea
392 3883 405 3917 u
418 3867 477 3921 recti
490 3869 586 3919 tremite
598 3886 647 3919 non
657 3869 725 3921 abiit.

488 3969 545 4031 574.
570 3985 684 4042 socratis
699 3988 825 4022 oaaroms.

268 4068 326 4116 Jnra
343 4066 439 4132 quidem
451 4068 534 4117 sollers
547 4079 690 4134 ptemoverat
705 4070 864 4135 Agathoclem
878 4088 884 4122 :

301 4149 346 4198 Sed
359 4165 408 4199 non
416 4159 441 4200 et
451 4154 529 4200 Psrcae
535 4151 590 4216 jura
603 4151 688 4201 timere
703 4153 789 4203 soient.

268 4235 330 4282 Nam
341 4249 396 4283 cunr
410 4233 527 4299 legitimos
539 4235 646 4286 nondum
658 4236 757 4286 venisset
769 4237 798 4285 nd
810 4254 899 4295 astrios.

301 4315 421 4381 Legitirnis
430 4317 498 4367 illum
508 4334 573 4368 mors
581 4321 643 4386 rapit
655 4337 669 4370 a
682 4321 776 4371 studiis.

268 4398 307 4447 sl
321 4402 439 4450 tumulum
451 4403 529 4451 musti
542 4402 654 4452 miserum
666 4419 777 4468 gemuere
791 4405 891 4465 sodales,

301 4483 332 4529 Et
343 4482 441 4531 doluere
452 4483 489 4532 sui
499 4484 581 4533 lumen
596 4484 672 4534 abisse
686 4485 763 4536 chori.

268 4563 323 4625 ipsa
333 4577 425 4611 comam
438 4565 528 4612 vellens
538 4564 665 4631 plangebat
679 4576 775 4631 pectora
784 4577 861 4616 mater

303 4645 357 4692 Non
369 4643 443 4694 oblita
455 4645 511 4702 init,
521 4647 573 4711 quis
585 4649 703 4713 pcperisse
717 4649 794 4700 labor.

229 4739 231 4743 ’
268 4725 314 4774 liic
326 4735 405 4776 umen
419 4727 475 4777 ielis
485 4765 493 4789 ‚
502 4731 738 4796 raptnsjuveniiibus
747 4732 829 4789 annis,
907 4784 912 4798 ,

304 4809 391 4874 Eliugit
400 4813 454 4862 vitre
464 4813 564 4863 crimina
576 4825 655 4864 morto
666 4815 724 4866 cita.

493 4911 552 4972 575.
572 4928 674 4961 οιοιιπιι
689 4914 809 4965 omtoris.

267 5012 316 5062 liic
329 5013 445 5063 tumulata
456 5011 553 5064 Rhodo.
571 5014 650 5064 Patria
663 5025 699 5066 est
707 5019 784 5083 Tyrus
798 5033 805 5067 ε
818 5017 881 5068 hanc
892 5019 956 5085 quod
969 5018 995 5067 in
1009 5035 1051 5068 ur-

301 5097 415 5153 Vcnerit.
434 5095 480 5146 hoc
488 5096 550 5146 natis
559 5096 661 5164 imputat
671 5098 714 5148 illa
727 5100 784 5150 suis.
978 5099 1050 5167 [bern

267 5185 368 5235 Ornsvit
380 5183 512 5234 thalamum
523 5184 610 5235 victuri
625 5185 693 5236 laude
705 5187 821 5250 Gemelli,

1129 3796 1177 3856 Qui
1193 3795 1270 3859 legurm
1281 3794 1344 3845 hanc
1357 3793 1441 3844 ttrbcrtt
1450 3812 1498 3845 non
1509 3797 1605 3845 siitesse
1617 3798 1711 3848 rudem.
1753 3803 1756 3806 '

1096 3879 1201 3927 Multum
1211 3878 1269 3929 vixit
1283 3895 1342 3928 atius
1359 3879 1418 3928 :sed
1434 3880 1514 3928 virere
1523 3881 1607 3930 meula
1619 3881 1686 3930 mille

1128 3961 1264 4022 licissimum
1281 3979 1411 4028 numquam
1423 3979 1461 4012 res
1473 3964 1535 4013 bona
1547 3981 1590 4014 nos
1606 3965 1685 4016 satiat.

1312 4093 1369 4152 576.
1387 4107 1487 4140 suctim
1500 4107 1662 4154 cossunaars,

1244 4195 1275 4245 de
1291 4196 1415 4264 Pyrrhone
1430 4200 1555 4266 Scepliw,
1571 4198 1721 4250 alternatum.

1031 4361 1034 4368 Ι
1095 4309 1205 4355 Mortuus
1218 4323 1242 4355 es
1254 4305 1380 4373 Pyrrhoni
1389 4308 1487 4358 Dubito.
1499 4308 1617 4358 Dubitare
1629 4308 1715 4358 licetne

1129 4393 1182 4438 Post
1193 4393 1312 4439 orontem?
1324 4390 1422 4440 Dubito.
1438 4393 1492 4440 Non
1505 4391 1561 4439 sinit
1574 4390 1619 4440 hoc
1632 4393 1743 4440 tumulos.

1388 4511 1445 4570 577.
1462 4525 1586 4570 ausoris,

1412 4605 1451 4676 ¹de
1462 4607 1552 4659 codem.

1095 4716 1247 4782 Quicumque
1258 4715 1315 4778 iile,
1330 4716 1392 4766 viam
1404 4715 1446 4782 qui
1458 4733 1497 4769 me
1510 4715 1620 4783 sepelivit
1634 4715 1664 4764 ad
1677 4714 1765 4782 ipsam·

1128 4798 1163 4848 Sit
1176 4797 1257 4860 miser,
1269 4807 1293 4847 et
1307 4799 1372 4848 nulla
1386 4808 1454 4864 parte
1466 4808 1558 4863 tegatur
1573 4797 1650 4850 humi.

1096 4886 1158 4931 Luce
1172 4898 1255 4931 carens
1265 4881 1351 4932 Timon
1363 4883 1473 4948 appellor
1489 4881 1520 4930 ab
1534 4881 1662 4942 onrtribvts,
1677 4890 1700 4930 et
1711 4893 1761 4927 sors

1129 4967 1182 5013 Una
1197 4963 1360 5029 quiescentrum
1371 4973 1451 5013 nostra
1466 4964 1547 5028 qutieie
1561 4973 1635 5013 caret.

1323 5085 1379 5146 578.
1400 5101 1512 5133 soarnvrs
1526 5099 1651 5133 οιιιτοπιε.
1743 5099 1747 5106 ’

1097 5191 1211 5252 Quaerere
1223 5188 1344 5241 terribiles
1357 5205 1441 5240 nussim
1452 5194 1561 5256 Panopen
1574 5189 1668 5249 leones,
