3946 5952
111 1627 114 1636 ,
194 1563 264 1622 deos
288 1563 546 1635 reserrent,.bellis
568 1563 690 1624 feliciter
711 1565 816 1639 gestis,
838 1563 971 1624 hostibus

1218 250 1221 257 ¹
1617 251 1625 268 t

1629 277 1633 286 .

913 348 923 363 a
985 348 1110 367 ,caea-t·
1164 348 1179 373 24
1214 356 1223 361 -

1002 370 1024 385 ω
1075 380 1079 387 Χ
1125 376 1129 381 ,
1512 373 1516 384 t
1652 377 1657 387 ι

642 765 645 769 ,
752 605 801 758 J
813 585 1239 760 transit

554 908 1036 1016 rnotueonnnt
1076 908 1427 1018 anuvtont.

862 1157 1129 1192 ...w-.-

1076 1388 1132 1435 AEre
1146 1399 1206 1435 cavo
1216 1386 1335 1449 clipeum,
1352 1389 1432 1452 magni
1441 1391 1564 1453 gestamen
1576 1391 1686 1454 Abantis,

1078 1453 1194 1504 Postibus
1206 1455 1316 1506 adversis
1329 1456 1377 1521 figo
1389 1461 1414 1506 et
1423 1471 1474 1508 rem
1487 1459 1594 1508 carmine
1607 1459 1675 1524 signo

1077 1527 1169 1575 AEnats
1181 1540 1234 1576 nnc
1247 1541 1279 1576 nn
1295 1540 1383 1577 unctis
1395 1542 1537 1577 simoninus
1551 1543 1627 1578 aaut.

234 1389 350 1446 Veteres
387 1387 499 1460 Graeci,
534 1387 748 1464 religiosissimi
782 1388 969 1457 mortalium,

195 1496 283 1553 (guum
310 1474 411 1534 omnia
433 1488 490 1534 tam
519 1476 644 1534 secunda
673 1496 759 1554 quarn
790 1477 911 1535 adversa
936 1477 972 1534 ad

194 1650 332 1721 devictis,
346 1670 406 1708 non
416 1651 509 1708 solum
525 1663 634 1728 partem
651 1651 756 1728 praedae
772 1664 858 1728 atque
870 1671 971 1709 manu·
1015 1645 1100 1714 Quod
1115 1647 1295 1725 epigramma
1310 1650 1355 1707 vel
1370 1663 1524 1728 propterea
1535 1666 1577 1710 est
1593 1652 1793 1726 memorabile,

195 1735 259 1796 bias
273 1738 344 1809 diis,
361 1758 484 1813 quorum
499 1757 530 1796 se
544 1739 681 1815 praesidio
695 1739 850 1796 victoriam
867 1758 970 1816 repor—
1016 1733 1093 1810 quod
1108 1737 1137 1791 in
1158 1738 1261 1812 priscae
1284 1739 1479 1816 simplicitatis
1503 1740 1664 1798 imitatione
1679 1742 1796 1817 insigne

194 1837 267 1884 tasse
280 1825 495 1894 existimabant,
512 1845 777 1903 seponere,verum
792 1828 877 1887 etiam
892 1846 972 1885 arma
1016 1834 1111 1879 tamen
1136 1841 1255 1881 acumen
1281 1825 1376 1883 habet.
1420 1825 1575 1904 Postquam
1594 1828 1671 1886 enim
1697 1831 1728 1887 in
1749 1830 1797 1890 his

193 1911 323 1972 hostibus
343 1914 470 1972 detracta
488 1915 518 1972 in
536 1915 652 1992 templis
670 1929 756 1993 atque
773 1913 903 1972 delubris
919 1933 971 1972 eo·
1015 1909 1259 1987 inscriptionibus
1274 1912 1364 1970 verba
1379 1916 1464 1972 metri
1479 1914 1594 1990 legibus
1611 1930 1704 1994 coepta
1726 1933 1796 1978 sunt

193 2021 256 2058 rum
265 2000 399 2059 dedicare
409 2000 541 2059 solebant
555 2001 597 2078 Γ).
613 2003 654 2060 td
666 2003 720 2061 hoc
728 2004 971 2080 antiquissimum,
1015 1996 1177 2076 adstringi,
1195 1999 1259 2057 lieri
1273 2021 1330 2058 non
1346 2003 1440 2078 potuit
1455 2003 1527 2079 quin
1546 2005 1632 2061 etiam
1652 2008 1794 2065 orationis

193 2099 224 2144 ut
239 2087 365 2158 videtur,
375 2089 563 2146 donariorum
573 2109 663 2165 genus
673 2093 806 2168 pr0xime
820 2089 972 2149 accedebat
1016 2084 1133 2160 quidam
1148 2100 1267 2145 ornatus
1282 2088 1443 2160 accederet,
1460 2089 1544 2166 cujus
1558 2102 1660 2148 natura
1675 2105 1702 2148 et
1720 2095 1798 2151 ratio

194 2174 289 2246 aliud,
307 2174 376 2232 huic
395 2190 566 2251 cognatum,
591 2197 679 2253 egnum
700 2181 825 2236 victores
848 2178 968 2255 praemia
1015 2170 1055 2228 ita
1079 2172 1204 2244 ferebat,
1228 2187 1260 2231 ut
1290 2175 1373 2232 nudae
1397 2177 1439 2234 rei
1463 2177 1640 2254 expositioni
1666 2180 1796 2239 viridior

193 2262 223 2319 in
238 2261 365 2340 publicis
380 2263 603 2336 certaminibus,
624 2285 687 2342 quae
701 2278 729 2322 et
748 2266 812 2343 ipsa
828 2265 882 2323 sub
901 2264 969 2323 deo·
1016 2261 1166 2318 sententiae
1190 2262 1236 2320 vis
1261 2262 1437 2322 succederet.
1484 2265 1568 2334 Quod
1593 2266 1685 2340 magis
1707 2269 1795 2325 etiarn

194 2370 258 2407 rum
280 2350 368 2409 tutela
385 2364 481 2424 erant,
507 2355 674 2430 proposita,
698 2353 845 2431 tripodas,
863 2351 970 2411 lebetas
1015 2359 1074 2404 tum
1094 2347 1194 2406 debuit
1212 2349 1291 2420 fieri,
1316 2371 1404 2427 quum
1430 2352 1556 2428 elegiaca
1576 2352 1701 2410 disticha
1727 2354 1796 2414 huic

192 2451 220 2496 et
245 2439 274 2497 id
301 2459 391 2515 genus
415 2441 486 2512 alia,
508 2441 565 2500 diis
591 2456 808 2515 consecrarent,
834 2443 920 2502 simul
941 2457 971 2500 ut
1016 2432 1056 2487 tei
1073 2445 1168 2489 essent
1182 2433 1324 2494 adhibita.
1368 2435 1463 2504 Quum
1479 2439 1557 2496 enim
1579 2437 1635 2496 hoc
1656 2459 1795 2498 versuum

193 2527 267 2602 grati
295 2529 387 2585 animi
414 2530 654 2604 significationem
680 2531 797 2604 darent,
825 2533 911 2589 simul
941 2545 971 2589 ut
1016 2540 1105 2595 genus
1134 2522 1271 2598 Slt0pi¹ess
1305 2523 1520 2600 quodammodo
1547 2525 1664 2597 efficiat,
1692 2541 1797 2604 sponte

194 2617 363 2673 memoriam
376 2617 508 2675 victoriae
520 2619 595 2696 apud
609 2619 740 2677 homines
755 2631 967 2680 conservarent.

143 2705 147 2712 '
193 2702 265 2760 Cum
287 2702 394 2780 quibus
416 2704 530 2763 duobus
558 2705 714 2780 generibus
735 2705 968 2783 conjungendum

192 2801 236 2846 est
250 2790 377 2860 tertium,
390 2790 646 2850 instrumentorum
658 2794 847 2864 consecratio,
863 2793 970 2871 quibus

192 2875 258 2951 quis
274 2878 305 2934 in
327 2890 387 2935 arte
406 2891 455 2936 aut
466 2879 585 2957 opificio
604 2900 673 2940 usus
695 2881 804 2952 fuerat,
824 2900 968 2940 armorum

192 2963 344 3041 inprimis,
360 2967 467 3043 quibus
482 2986 557 3045 saepe
578 2968 697 3026 salutem
718 2988 798 3026 suam
814 2968 967 3041 debuerat,

192 3051 374 3130 aliorumque
389 3075 471 3131 quae,
493 3075 582 3131 quum
598 3068 646 3113 aut
661 3057 745 3114 annis
758 3069 786 3113 et
800 3069 881 3114 aetate
902 3078 970 3115 con-

194 3139 284 3198 lectus
303 3140 339 3197 ah
356 3161 443 3219 opere
457 3143 590 3200 faciendo
609 3157 746 3212 cessaret,
769 3145 867 3202 autad
891 3145 969 3204 aliud

192 3225 259 3284 ritae
271 3247 361 3304 genus
373 3230 523 3300 transiret,
536 3231 674 3289 laudabili
685 3232 791 3308 pietate
805 3233 836 3290 in
850 3234 966 3311 templo-

192 3334 256 3372 rum
279 3316 431 3374 vestihulis
447 3337 652 3377 consenescere
675 3339 761 3396 quam
784 3321 907 3379 fortunae
921 3343 970 3382 ca-

192 3401 273 3460 sibus
287 3403 379 3480 objici
394 3404 527 3467 malebat.

233 3489 284 3546 llis
307 3489 456 3562 donariis,
484 3508 636 3571 postquam
659 3496 751 3554 literae
771 3497 801 3554 in
828 3517 883 3556 usu
909 3518 970 3558 esse

193 3590 353 3653 coeperunt,
367 3581 573 3658 inscriptiones
588 3596 654 3641 sunt
664 3585 777 3658 additae,
789 3587 970 3646 brevissimae

193 3662 250 3720 illae
264 3664 391 3740 primum
404 3667 472 3725 etin
491 3671 659 3730 nominihus
673 3681 703 3730 se
720 3674 911 3747 continentes,
925 3678 970 3734 in·

193 3749 305 3807 terdum
317 3751 420 3825 etiam,
433 3755 458 3812 si
477 3775 521 3814 res
538 3756 579 3814 ita
594 3757 696 3829 ferret,
715 3759 876 3836 rhythmice
891 3763 970 3822 ince-

192 3837 309 3912 dentes,
327 3839 446 3900 heroico
470 3844 652 3920 potissimum
669 3866 803 3923 numere,
827 3851 862 3906 ad
884 3871 968 3927 quem

193 3938 294 4001 postea
303 3941 481 4005 pentameter
491 3933 624 4004 accessit,
635 3934 761 4011 primum
775 3937 852 4014 apud
869 3937 968 4010 lones,

183 4027 253 4077 ,tum
277 4017 362 4073 etiam
378 4019 455 4095 apud
469 4020 551 4079 alios.
569 4021 611 4077 Ad
631 4023 734 4098 priscae
751 4024 831 4082 illius
850 4045 970 4085 consue-

192 4101 304 4162 tudinis
329 4105 541 4183 simplicitatem
575 4111 767 4188 corttpositum
793 4114 970 4191 epigramma

192 4190 286 4264 quod,
303 4192 339 4251 ab
361 4194 570 4270 impostoribus
593 4200 694 4276 procul
718 4199 825 4276 dubio,
848 4201 969 4278 Amphi·

88 4311 100 4332 ,
193 4280 305 4352 tryo‘nis
320 4300 403 4357 quem
420 4283 563 4342 vocabant
583 4287 692 4364 tripodi
709 4288 841 4349 Cadmeis
867 4289 970 4348 litteris

193 4364 368 4442 insculptum
383 4369 493 4428 Thebis
516 4373 546 4429 in
565 4375 672 4451 templo
690 4377 836 4453 Apollinis
852 4379 969 4450 ismenii

194 4449 358 4510 Herodotus
378 4456 488 4515 viderat
504 4459 554 4535 (V,
568 4459 620 4536 59)
640 4482 646 4517 :

253 4592 391 4657 Ἀμφιτρύων
406 4599 430 4656 μ’
443 4597 606 4655 &adduxeritis
621 4599 667 4649 ἀπὸ
680 4602 829 4663 Τηὶεὸοάων,

194 4719 222 4762 et
233 4705 305 4764 illud
323 4707 401 4784 quod
419 4709 559 4786 Virgilius
574 4714 609 4772 ad
624 4715 742 4773 eandem
759 4721 899 4777 rationem
916 4721 968 4778 bn-

193 4793 237 4850 xit
261 4792 298 4852 ab
320 4794 406 4854 AEnea
421 4797 451 4854 in
470 4797 592 4858 lerreate
613 4803 708 4879 clipeo
732 4804 853 4866 Abantis
868 4807 969 4867 inscri-

192 4892 272 4956 ptum
288 4883 375 4962 (αδδ)
394 4903 402 4942 :

225 5055 257 5117 .*)
273 5057 380 5122 AEsohrl.
395 5061 479 5125 ligatu.
491 5067 536 5114 atto
545 5077 625 5130 seqq,
639 5067 705 5131 Sept.
717 5081 739 5118 o.
751 5067 827 5120 Theb.
838 5077 883 5122 tae
899 5085 970 5138 seqq.

1016 2621 1209 2685 exspectatur,
1224 2610 1349 2668 utdoeta
1367 2612 1490 2688 quadam
1508 2616 1657 2672 sententia
1674 2616 1793 2674 consor-

1017 2696 1143 2753 matione
1159 2710 1248 2754 totum
1268 2698 1340 2757 illud
1351 2743 1359 2770 ,
1371 2700 1450 2776 quod
1464 2719 1546 2758 aures
1560 2701 1590 2758 in
1604 2701 1715 2760 heroici
1729 2723 1795 2760 ver-

1015 2802 1064 2842 sus
1079 2804 1144 2842 cum
1161 2799 1341 2863 pentametro
1357 2790 1541 2866 copulatione
1559 2810 1623 2849 eum
1645 2792 1797 2872 voluptate

1016 2872 1159 2944 sentiunt,
1181 2875 1266 2930 etiam
1294 2877 1391 2932 animo
1416 2889 1444 2933 et
1475 2890 1570 2939 mente
1607 2878 1793 2956 percipiatur.

1014 2957 1111 3026 Quare
1125 2974 1235 3018 mature
1261 2962 1365 3020 sactum
1380 2977 1423 3021 est
1451 2977 1482 3021 ut
1508 2964 1626 3039 elegiaci
1650 2979 1741 3042 poetae
1765 2983 1794 3027 ct

1015 3046 1131 3122 singula
1147 3047 1270 3106 disticha
1284 3063 1312 3106 et
1321 3051 1459 3126 periodos
1475 3072 1511 3108 ex
1523 3051 1656 3109 distichis
1670 3073 1792 3130 compo-

1015 3134 1084 3192 sitas
1107 3155 1306 3212 saepenumero
1334 3139 1481 3196 luculenta
1505 3139 1628 3216 quadam
1653 3143 1794 3201 sententia

1015 3235 1063 3280 aut
1081 3223 1174 3282 verbo
1199 3227 1406 3285 concluderent
1432 3228 1509 3304 quod
1525 3228 1645 3302 legentis
1665 3231 1794 3288 animum

1014 3324 1156 3387 pungeret
1172 3325 1200 3369 et
1222 3325 1341 3374 teneret.
1407 3315 1471 3384 Quo
1497 3314 1618 3375 breuius
1641 3331 1735 3376 autem
1751 3335 1795 3378 cst

1015 3416 1140 3468 carmen,
1157 3419 1191 3456 eo
1202 3401 1292 3474 magis
1305 3403 1465 3478 requiritur
1479 3403 1629 3477 ingeniosa
1644 3407 1793 3464 sententiaa

1015 3485 1182 3556 conversio,
1199 3499 1248 3543 aut
1269 3502 1443 3564 praeceptum
1471 3489 1506 3546 ad
1528 3490 1615 3548 ritant
1631 3492 1719 3563 utile,
1744 3507 1794 3551 aut

1017 3573 1115 3646 gravis
1129 3573 1260 3649 quaedam
1282 3587 1309 3632 et
1326 3577 1459 3634 soecrrnda
1480 3575 1582 3653 γνώμη,
1609 3592 1658 3636 aut
1676 3584 1795 3638 omnino
1854 3631 1857 3634 .

1017 3661 1096 3735 quod
1111 3661 1193 3736 quasi
1208 3662 1338 3719 aculeum
1359 3665 1390 3721 in
1414 3666 1511 3744 animo
1533 3667 1689 3744 relinquat.
1745 3669 1794 3727 Sic

1015 3747 1113 3824 itaque
1135 3748 1358 3825 epigrammata,
1393 3753 1521 3828 primum
1554 3754 1701 3826 donariis,
1731 3769 1795 3814 tum

1016 3836 1210 3892 monumentis
1233 3837 1444 3914 sepulcralibus
1452 3884 1462 3914 ,
1476 3840 1582 3898 tabulis
1600 3842 1717 3913 votivis,
1735 3855 1792 3900 sta·

1014 3921 1088 3994 tuis,
1104 3921 1195 3998 signis
1208 3923 1331 4000 aliisque
1344 3924 1430 3984 rebus
1443 3925 1584 3999 adhibita,
1596 3949 1660 3985 cum
1676 3942 1796 3988 externa

1013 4012 1151 4069 carminis
1175 4012 1268 4069 forma
1288 4025 1422 4071 naturam
1438 4034 1556 4091 quoqne
1578 4017 1717 4074 carminis
1744 4017 1795 4074 in-

1014 4097 1149 4157 duebant.
1193 4099 1290 4177 Neque
1313 4114 1408 4159 tamen
1431 4101 1488 4159 hoc
1513 4103 1553 4160 ita
1573 4103 1658 4160 velim
1683 4105 1794 4183 accipi,

1014 4191 1096 4264 quasi
1117 4188 1147 4246 id
1162 4188 1239 4264 quod
1258 4188 1289 4246 in
1306 4189 1362 4248 hoc
1387 4208 1491 4264 genere
1510 4191 1654 4268 poeticum
1669 4204 1733 4264 est,
1749 4204 1795 4249 to-

1014 4285 1073 4330 tum
1101 4274 1137 4332 ah
1160 4288 1280 4332 externa
1300 4274 1364 4352 ejus
1392 4276 1485 4334 forma
1513 4277 1704 4336 derivandum
1732 4297 1797 4337 esse

1014 4361 1188 4420 existimem.
1251 4362 1322 4420 Nam
1338 4364 1369 4421 in
1393 4363 1481 4422 rebus
1495 4384 1612 4442 quoque
1632 4365 1709 4438 illis,
1729 4386 1797 4443 quae

1013 4448 1229 4524 epigrammatis
1249 4451 1461 4510 concinnandis
1475 4453 1724 4530 opportunitatem
1741 4454 1792 4511 da-

1014 4530 1095 4606 bant,
1113 4549 1252 4612 qnantum
1268 4539 1361 4596 inerat
1375 4539 1410 4596 ad
1429 4539 1562 4616 pietatis,
1580 4540 1794 4614 admirationis,

1015 4622 1088 4696 grati
1114 4625 1204 4683 animi
1228 4645 1345 4684 sensum
1375 4627 1579 4698 excitandum,
1610 4647 1669 4704 quo
1703 4648 1794 4704 quum

1015 4709 1164 4768 incalescit
1180 4725 1280 4790 peenas
1290 4757 1298 4784 ,
1314 4726 1417 4789 sponte
1439 4733 1562 4792 poeseos
1583 4716 1629 4773 vis
1651 4727 1679 4772 et
1695 4715 1793 4773 lumen

1014 4800 1172 4856 enascitur!
1201 4819 1287 4876 quam
1314 4802 1416 4858 crebro
1448 4815 1517 4860 vota
1542 4801 1610 4862 cum*
1633 4804 1792 4878 gratiarum

1015 4887 1144 4958 actione,
1160 4907 1262 4962 preces
1281 4907 1346 4946 cum
1368 4888 1475 4947 laetitiae
1498 4891 1712 4968 significatione
1725 4889 1795 4967 jun·

1015 4974 1115 5050 gendae
1124 4980 1223 5034 erant!
1237 4995 1323 5053 quam
1335 4977 1439 5035 acriter
1451 4997 1527 5057 saepe
1540 4998 1638 5037 rerum
1651 4979 1794 5056 ipsarum.

1017 5064 1125 5139 quibus
1139 5063 1299 5123 addebatur
1320 5065 1491 5144 inscriptio,
1513 5082 1545 5127 ut
1560 5080 1671 5128 stature.
1689 5065 1796 5125 tabulae

969 5183 1018 5243 xv]
