3946 5952
193 316 261 394 xviij

191 450 340 525 exiguum.
358 445 438 504 lnter
454 447 514 504 haec
533 466 621 523 quum
641 447 768 524 plurima
788 460 883 504 essent
904 466 969 523 quae

192 537 228 596 ad
246 537 421 614 populorum
442 553 488 593 res
507 547 618 608 gestas,
646 534 682 591 ad
702 546 827 592 veterem
848 533 967 591 urbium

193 624 379 694 memoriam,
421 621 663 698 singulorumque
696 621 848 678 hominum
878 622 965 680 vitam

192 713 392 771 illustrandam
408 709 586 767 momentum
603 708 758 778 haberent,
783 706 897 780 Graeci,
919 727 968 767 ve-

193 813 276 859 tustae
296 819 393 859 rerum
421 815 537 856 suarum
563 797 708 854 memoriae
740 807 968 873 perscrutatores

193 888 404 963 curiosissimi,
419 904 472 944 nec
484 885 561 943 hunc
576 886 683 944 iontem
698 884 897 958 neglexerunt,
916 902 968 941 ex-

193 977 389 1052 stiteruntque
402 976 454 1050 qui
463 971 608 1049 ejusmodi
623 972 831 1050 epigrammata
850 990 888 1028 ex
908 971 969 1028 dis·

192 1061 288 1140 persis
312 1061 508 1120 monumentis
532 1060 718 1136 colligerent,
743 1059 888 1135 simulque
902 1078 968 1116 cum

193 1149 283 1226 ipsis,
310 1150 346 1208 ad
368 1169 433 1227 quae
450 1147 650 1227 pertinebant,
670 1145 811 1224 operibus
825 1145 971 1222 descripta

192 1249 222 1294 et
242 1237 413 1296 adumbrata
432 1248 592 1296 servarent.
613 1234 884 1293 commemorantur
908 1234 972 1291 col-

193 1325 331 1387 lectiones
353 1325 440 1402 hujus
476 1323 612 1400 generis,
644 1321 760 1380 duobus
781 1335 846 1379 ante
876 1341 970 1379 aevum

193 1425 323 1471 nostrum
347 1411 492 1470 saeculisa
513 1409 669 1468 Polemone
697 1408 889 1478 concinnatae,
912 1419 971 1464 tum

193 1499 315 1573 Alcetae,
340 1497 506 1556 Philochori
530 1509 558 1554 et
580 1497 725 1566 aliorum,
748 1513 872 1572 quarmn
892 1495 972 1551 nulla

194 1598 302 1644 aetatem
326 1586 411 1656 tulit,
434 1603 608 1661 quamquam
631 1584 701 1642 satis
730 1596 773 1640 est
796 1579 972 1639 credibiles

194 1674 356 1732 acrioribus
386 1687 446 1731 tutn
470 1671 618 1730 historicis
644 1683 703 1728 turn
732 1668 972 1743 Anthologiarum

195 1761 394 1820 conditoribus
420 1771 598 1837 syntagmata
625 1757 780 1833 compilata
803 1774 855 1812 nec
882 1775 972 1832 pauca

194 1867 229 1906 ex
244 1849 291 1916 iis,
304 1849 424 1906 fortasse
431 1851 541 1924 optima
553 1863 674 1922 queque
683 1857 712 1901 et
724 1842 969 1920 praestantissima,

194 1936 230 1994 ad
241 1956 294 1993 vos
308 1947 421 1994 servata
431 1945 624 2012 etpropagata
635 1951 696 1991 esse
704 1931 747 2008 Γ).
758 1930 830 1988 Cum
846 1930 974 1986 maximo

193 2022 271 2080 enim
284 2021 432 2080 literarum
444 2021 637 2078 emolumento
653 2019 757 2076 lactum
770 2029 812 2074 est
828 2027 859 2073 ut
870 2016 974 2074 saeculo

197 2108 254 2164 sere
268 2120 333 2165 ante
347 2107 493 2164 Christum
509 2117 606 2163 natum
619 2103 776 2163 Menalcan
788 2101 973 2174 Gadarenns,

200 2195 242 2251 uir
256 2195 425 2269 ingeniosus
440 2212 492 2250 nec
516 2205 601 2270 poeta
620 2191 793 2262 mediocris,
808 2209 844 2247 ex
858 2191 975 2267 optimis

195 2283 291 2340 orrrnis
306 2283 357 2339 aevi
370 2282 464 2360 poetis
474 2280 681 2358 epigrammata
692 2278 831 2353 deligeret
845 2289 931 2353 atque
943 2278 974 2335 ia

197 2387 285 2427 unum
300 2389 406 2446 corpus
423 2368 577 2441 conflaret,
591 2367 637 2424 cui
649 2365 775 2445 στεφάνου
789 2365 852 2424 sive
865 2386 975 2422 comnia

197 2457 311 2514 titulum
328 2457 403 2515 iecit.
417 2455 477 2512 lloc
492 2455 632 2528 elegantis
645 2451 797 2511 industriae
808 2452 972 2530 exemplum

196 2556 310 2602 centum
326 2545 410 2601 annis
425 2555 492 2621 post
507 2542 636 2599 imitatus
656 2553 699 2598 est
714 2541 869 2598 Passienus
882 2539 907 2596 Τ
910 2540 973 2598 hes·

197 2632 402 2702 salonicensis,
425 2631 477 2707 qui
502 2641 531 2687 et
551 2629 660 2706 ipsese
685 2629 717 2685 in
739 2628 975 2704 epigrammatico

197 2737 302 2794 genere
325 2737 390 2777 cum
419 2716 503 2776 laude
523 2715 670 2786 exercuit,
696 2734 800 2772 novam
825 2735 863 2773 ex
881 2715 975 2792 poetis

198 2806 249 2882 qui
278 2819 344 2883 post
373 2805 546 2881 Meleagrum
570 2802 786 2880 epigrammatis
814 2800 976 2860 scribendis

199 2913 314 2970 opernm
338 2906 532 2963 navaverunt,
553 2911 682 2948 coronam
706 2901 870 2950 contexens.
894 2878 975 2946 tirei-

198 2999 255 3056 que
269 2981 476 3058 epigrammata
490 2978 521 3036 in
536 2975 667 3035 ordinem
682 2988 797 3053 recepta
818 2976 975 3034 secundum

198 3068 283 3126 initia
296 3068 455 3146 disposuit,
470 3067 509 3124 ita
524 3079 556 3123 ut
570 3066 717 3123 literarum
730 3063 862 3122 ordinem
875 3081 975 3138 seque·

199 3167 289 3225 retur,
312 3155 396 3231 cujus
411 3155 522 3213 ordinis
542 3153 696 3211 manifesta
715 3162 871 3229 supersunt
885 3150 975 3207 vesti-

199 3243 254 3316 gia.
299 3243 342 3300 Aa
359 3243 497 3319 temporis
515 3258 631 3316 qtrnque
645 3253 673 3296 et
695 3241 786 3297 aetatis
806 3249 975 3316 poetarum,

198 3340 247 3384 ant
271 3341 506 3402 argumentorum
532 3325 735 3385 similitudinis
760 3325 858 3382 habita
883 3325 920 3382 sit
946 3326 975 3382 in

199 3413 490 3490 disponendorum,
507 3435 583 3472 nunc
599 3413 715 3490 quidem
732 3413 911 3488 ignoramus,
925 3431 974 3469 ne·

200 3519 257 3577 qne
272 3514 365 3560 tamen
390 3500 540 3579 probabile
558 3513 602 3559 est
617 3500 677 3578 (Ἵ.
707 3499 839 3558 Ceterum
854 3511 977 3574 uterque

200 3591 396 3649 collectionem
413 3609 493 3648 sunm
515 3589 678 3668 auspicatus
700 3600 743 3646 est
765 3587 928 3664 prooemio,
946 3587 975 3643 in

201 3697 277 3754 quo,
294 3678 371 3754 quod
387 3677 513 3755 caspiaco
535 3676 595 3734 sire
610 3696 717 3732 coroner
738 3693 843 3732 nomen
859 3687 887 3732 et
902 3675 976 3732 ratio

201 3765 415 3842 quodammodo
442 3762 622 3843 postulabat,
636 3797 641 3808 ·
655 3763 763 3838 singuli
789 3775 880 3839 poetae
911 3782 976 3820 cum

202 3852 324 3926 singulis
339 3852 459 3911 floribus
478 3852 623 3930 palantisve
636 3863 847 3928 comparantur.

242 3942 283 3997 Ac
297 3940 327 3997 hi
343 3940 458 4016 quidem
473 3938 697 4014 Florilegiorum
714 3938 879 3997 conditores
898 3937 976 3994 anti·

201 4027 336 4102 quissimi
352 4028 424 4085 nulli
441 4029 679 4106 epigrammatum
694 4027 794 4102 generi
805 4045 865 4103 prae
877 4027 977 4084 ceteris

203 4112 321 4184 lavisse,
337 4114 449 4172 nullum
464 4115 500 4172 de
511 4120 616 4171 coronis
627 4114 688 4172 suis
701 4113 859 4172 exclusisse
874 4111 977 4169 viden·

201 4212 265 4272 tur,
289 4201 338 4258 sed
366 4221 555 4279 quaecumque
586 4201 675 4276 digna
702 4201 880 4260 censuissent
906 4213 937 4257 ut
962 4219 978 4256 a

201 4291 324 4360 posteris
337 4291 509 4366 legerentur,
521 4311 555 4348 ea
563 4292 627 4348 sine
637 4293 797 4366 arguissenti
809 4291 979 4350 discrimine

202 4375 418 4452 adoptaverant.
477 4377 580 4435 Postea
600 4391 694 4436 autem
724 4379 814 4436 secuti
840 4391 906 4436 sunt
927 4377 978 4454 qui

234 4587 268 4648 P)
288 4585 337 4649 [De
352 4601 401 4650 qua
415 4603 442 4638 re
455 4589 526 4640 docte
536 4593 561 4640 ei
572 4591 669 4654 copiose
687 4590 735 4653 egit
750 4590 885 4652 Heclterns,
904 4595 977 4642 conr-

202 4659 303 4707 mentat.
313 4657 367 4707 cdi.
379 4657 402 4706 in
414 4657 510 4709 Antboi.
522 4662 589 4722 parte
598 4661 676 4722 priora
689 4675 713 4724 p.
724 4667 754 4708 tie
765 4661 848 4724 sequ]

234 4727 282 4790 (**)
298 4726 392 4790 [Atque
401 4742 477 4778 unum
483 4731 883 4796 agnoscunteiphabcticumquem
894 4734 979 4787 dicuni

202 4797 312 4847 ordinem
326 4796 455 4848 Pretorius
476 4803 620 4857 Quaestione
636 4801 670 4851 de
684 4804 796 4865 vestigiis
814 4807 978 4855 coronarum

202 4866 328 4929 ttetemri
349 4871 374 4918 ei
392 4866 510 4931 Philippi
531 4873 559 4918 in
573 4868 727 4933 anthologia
748 4873 912 4923 Constantini
931 4879 977 4925 tic·

201 4934 299 4999 phale,
319 4939 415 4990 vratisi.
433 4943 500 5001 1827,
515 4943 540 4989 ei
554 4940 703 5004 Weigandus
720 4945 757 4991 Dc
768 4943 883 5002 fontibus
895 4947 919 4994 ei
936 4959 978 4994 or-

203 5006 264 5056 dine
288 5009 445 5072 rationare
469 5009 644 5074 Cephalonis,
667 5011 691 5060 in
714 5015 799 5062 Museo
819 5014 933 5065 Rhenano
955 5033 977 5067 a.

206 5080 274 5140 ists,
287 5092 311 5140 p.
327 5085 367 5130 itit
383 5093 463 5145 seqq,
478 5087 519 5132 stt
537 5095 616 5144 seqq.;
629 5095 652 5132 a.
666 5086 733 5144 isti,
747 5097 772 5145 p.
789 5087 833 5134 276
845 5087 917 5149 squ]

913 313 1077 374 incensu

1013 445 1175 522 argumenti
1192 447 1304 504 ratione
1327 443 1426 503 habita
1448 444 1686 523 epigrammatum
1713 449 1792 508 face-

1014 547 1078 592 rent
1092 533 1242 594 delectum.
1290 533 1399 591 llornrn
1418 552 1509 602 unus,
1536 533 1649 592 Sauro
1668 533 1791 594 Sardia-

1015 639 1088 689 nus,
1106 619 1193 678 homo
1214 620 1348 697 nequiter
1361 619 1550 694 ingeniosus,
1561 620 1612 680 sed
1624 635 1709 699 poeta
1732 623 1792 682 ele-

1014 727 1101 784 gans,
1130 707 1275 784 secundo,
1297 721 1329 766 ut
1349 707 1476 778 videtur,
1496 720 1568 785 -post
1588 708 1658 770 Chr.
1685 712 1792 770 saeculo

1015 807 1153 866 exeunte,
1169 795 1247 873 turpi
1259 795 1382 855 consilio
1402 813 1439 854 ex
1460 795 1598 871 Meleagri
1618 809 1646 854 et
1659 797 1791 876 Philippi

1014 889 1120 939 comnis
1139 899 1173 939 ea
1193 883 1337 960 excerpsit
1358 901 1422 958 quae
1435 882 1473 940 ad
1498 902 1652 961 puerorum
1679 904 1792 944 atnores

1016 981 1192 1047 spectarent,
1223 969 1371 1047 multaque
1406 971 1442 1028 de
1467 971 1543 1042 suis,
1569 972 1789 1048 antiquioribus

1015 1059 1075 1116 illis
1087 1056 1165 1116 haud
1178 1057 1276 1134 paullo
1289 1057 1495 1132 flagitiosiora,
1523 1057 1687 1132 admiscuit,
1709 1059 1793 1117 llunc

1015 1145 1165 1214 libellum,
1181 1163 1245 1202 cnm
1260 1142 1430 1202 Philaenidis
1443 1144 1564 1203 fortasse
1577 1157 1606 1202 et
1626 1142 1793 1221 Elephanti·

1016 1233 1062 1291 dis
1086 1231 1204 1289 famosis
1222 1230 1378 1310 operibus,
1399 1251 1465 1290 cum
1486 1231 1613 1290 Lusibus
1633 1231 1791 1310 Priapeiis,

1016 1332 1044 1378 et
1058 1319 1159 1398 paucis
1175 1317 1241 1376 aliis
1253 1319 1434 1396 antiquitatis
1448 1319 1474 1396 ej
1479 1319 1576 1378 nsdem
1594 1319 1693 1378 iarinae
1708 1319 1793 1378 libris

1017 1407 1259 1485 comparandum,
1284 1426 1301 1464 a
1322 1406 1534 1465 recentioribus
1552 1419 1645 1464 antem
1668 1420 1696 1464 et
1717 1407 1794 1466 cbri-

1017 1495 1119 1552 stianis
1143 1492 1311 1552 hominibus
1336 1494 1423 1568 longe
1443 1495 1587 1571 longeque
1614 1507 1794 1572 superatum,

1019 1583 1129 1641 Μοῦσαν
1154 1579 1279 1651 παιδικὴν
1310 1583 1461 1660 inscripsit
1485 1605 1492 1640 :
1523 1601 1587 1659 quae
1614 1583 1795 1661 propudiosa

1020 1669 1153 1728 collectio
1175 1668 1310 1746 periisset
1334 1670 1394 1728 nisi
1419 1670 1594 1729 christianus
1619 1669 1708 1728 homo
1732 1672 1795 1744 ejus

1018 1755 1127 1826 aetatis,
1153 1773 1238 1832 quarn
1266 1755 1354 1814 hodie
1381 1757 1516 1816 nonnulli
1537 1755 1623 1815 nobis
1647 1769 1796 1834 tamquam

1019 1842 1114 1899 omnis
1124 1843 1299 1918 incorruptae
1313 1842 1465 1918 religionis
1478 1844 1575 1902 sedern
1586 1844 1617 1901 in
1631 1845 1795 1922 exemplum

1018 1941 1205 2006 proponunt,
1223 1947 1284 1985 eam
1302 1948 1365 1986 cum
1381 1928 1531 1988 christiani
1546 1932 1705 2006 argumenti
1730 1953 1797 2008 pue·

1019 2017 1104 2074 matis
1118 2015 1300 2093 conjunctam
1315 2029 1344 2073 et
1358 2016 1572 2092 quodammodo
1591 2019 1797 2077 circumvalla·

1020 2116 1076 2161 tarn
1098 2116 1239 2162 servasset
1259 2102 1302 2180 (Ἴ.
1327 2103 1481 2163 lloncstius
1503 2105 1655 2163 consilium
1685 2121 1797 2165 secutus

1019 2191 1166 2249 Droonnss
1198 2196 1356 2267 Lanarius,
1391 2191 1524 2249 virerum
1556 2192 1798 2271 philosophorum

1020 2280 1156 2356 scriptor,
1179 2296 1212 2335 ea
1230 2277 1416 2355 potissimum
1439 2281 1660 2356 epigrammata,
1682 2299 1747 2356 quae
1762 2282 1797 2338 ad

1019 2364 1211 2443 philosophos
1225 2377 1404 2443 spectarent,
1424 2366 1539 2442 collegit
1558 2379 1586 2424 et
1602 2367 1634 2424 in
1656 2369 1798 2445 peculiari

1022 2454 1097 2511 libro
1122 2451 1266 2514 condidit.
1291 2454 1334 2512 De
1349 2472 1407 2532 qua
1430 2454 1601 2513 collectione
1617 2456 1642 2513 si
1664 2455 1799 2532 judicare

1023 2540 1092 2599 licet
1104 2559 1140 2598 ex
1154 2541 1193 2599 iis
1207 2560 1272 2618 quae
1287 2541 1429 2617 Diogenes
1443 2540 1511 2599 inde
1521 2541 1552 2598 in
1561 2541 1636 2600 Vitis
1650 2544 1797 2616 excitarit,

1021 2629 1108 2704 longe
1132 2629 1259 2688 maxima
1278 2649 1346 2707 pars
1369 2628 1434 2706 ejus
1454 2628 1659 2688 continebatur
1690 2631 1799 2709 ineptis

1021 2729 1049 2773 et
1061 2715 1173 2794 jejunis
1195 2717 1289 2794 ipsius
1303 2717 1503 2794 compilatoris
1526 2718 1695 2795 poematiis,
1714 2721 1799 2778 vario

1022 2815 1181 2863 metrorum
1199 2823 1305 2879 genere
1319 2805 1511 2882 conscriptis,
1527 2804 1605 2863 unde
1621 2818 1710 2864 totum
1725 2807 1799 2866 illud

1021 2904 1171 2969 syntagma
1184 2892 1347 2970 llopps'rpoo
1363 2893 1448 2951 titulo
1463 2893 1611 2971 inscripsit
1627 2895 1692 2972 (Ἢ.

1062 2977 1209 3037 Proximis
1221 2979 1334 3038 saeculis
1350 2979 1390 3037 ob
1410 2979 1544 3038 miseram
1564 2981 1684 3041 Graeciae
1698 2983 1800 3041 condi·

1023 3065 1130 3123 tionem
1145 3066 1274 3143 aliasque
1287 3065 1325 3124 ob
1341 3085 1454 3138 causas,
1471 3085 1544 3144 quas
1557 3065 1608 3125 hic
1625 3087 1799 3128 commemo·

1023 3170 1087 3210 rare
1110 3152 1182 3209 nihil
1207 3154 1325 3225 attinet,
1359 3153 1486 3212 studium
1518 3173 1639 3233 poeseos
1666 3155 1799 3230 refrixit,

1022 3241 1114 3298 donec
1129 3240 1245 3317 imperii
1270 3241 1338 3299 sede
1360 3242 1530 3318 Byzantium
1552 3243 1700 3314 translata,
1719 3243 1799 3302 Grae·

1022 3328 1121 3404 cisque
1134 3328 1228 3386 literis
1244 3341 1305 3387 tum
1328 3329 1359 3388 in
1374 3327 1583 3409 lmperatorum
1597 3330 1674 3407 aula,
1690 3343 1750 3388 tum
1769 3333 1800 3389 in

1023 3415 1090 3472 aliis
1103 3415 1189 3474 etiarn
1211 3416 1294 3475 orbis
1319 3416 1443 3475 llomaui
1457 3417 1590 3495 partibus
1612 3438 1689 3476 noro
1703 3422 1801 3497 splen-

1023 3500 1094 3560 dore
1106 3503 1298 3575 collustratis,
1313 3502 1402 3562 ntusae
1414 3525 1529 3582 quoque
1550 3524 1586 3562 ex
1600 3506 1657 3563 alto
1677 3505 1801 3564 duorum

1022 3590 1081 3646 sere
1116 3591 1287 3662 saeculorum
1324 3611 1431 3670 sopore
1468 3594 1588 3651 excitari
1635 3607 1798 3671 coeperunt.

1023 3675 1140 3735 Exstitit
1154 3690 1233 3753 tum,
1249 3679 1352 3756 quinto
1368 3693 1399 3736 ut
1412 3679 1529 3739 videtur
1548 3681 1655 3739 saeculo
1672 3681 1800 3754 ineunte,

1025 3761 1141 3821 Nouaos
1167 3763 1413 3842 Panopolitanus,
1441 3769 1488 3826 vir
1522 3767 1720 3839 admirabilis,
1747 3768 1800 3845 qui

1024 3853 1119 3929 spisso
1137 3853 1380 3930 Dionysiacorum
1404 3875 1490 3934 opere
1510 3875 1626 3915 omnem
1647 3855 1802 3915 liacclrica-

1022 3956 1086 3996 rum
1099 3938 1260 3999 fabularum
1274 3941 1444 4018 farraginem
1456 3943 1670 4019 elegantissima
1683 3942 1799 4020 quidem

1023 4025 1175 4098 oratione,
1196 4028 1246 4086 sed
1266 4029 1433 4088 incredibili
1449 4031 1622 4107 loquacitate
1644 4030 1801 4107 congessit.

1054 4187 1087 4249 (’)
1109 4189 1271 4251 lioperiuniur
1292 4189 1333 4240 hio
1351 4191 1400 4242 iiic
1417 4193 1442 4240 in
1460 4191 1612 4243 bibliothecis
1635 4193 1690 4242 libri
1715 4203 1802 4242 inanu-

1024 4257 1109 4320 scripti
1122 4258 1166 4320 qui
1176 4259 1244 4309 initio
1253 4263 1278 4310 et
1287 4259 1335 4310 tine
1350 4262 1472 4311 orationes
1481 4275 1579 4323 meras,
1593 4275 1687 4326 preces.
1703 4263 1801 4312 contro·

1023 4327 1115 4377 versias
1129 4331 1154 4378 ei
1165 4329 1253 4380 similia
1264 4331 1380 4391 oiiemnt,
1395 4332 1421 4381 in
1432 4331 1512 4381 media
1524 4333 1563 4382 sui
1576 4335 1646 4396 parte
1660 4335 1744 4383 autern
1755 4331 1802 4381 im·

1023 4395 1063 4460 pia
1075 4399 1100 4446 et
1114 4398 1232 4460 obscena,
1251 4399 1342 4450 similes
1355 4401 1405 4451 Nisi
1423 4402 1479 4452 tiliae
1493 4415 1598 4466 superne
1619 4402 1743 4463 formosas,
1757 4401 1802 4450 sed

1022 4465 1140 4518 candidu
1148 4472 1283 4520 succinctae
1297 4471 1455 4523 latrantibus
1467 4475 1578 4537 tegruno
1591 4473 1723 4523 monstris.

1055 4535 1103 4600 (**)
1118 4536 1181 4600 [Sed
1191 4539 1215 4587 in
1224 4540 1376 4590 corutmtini
1390 4541 1505 4605 cephalae
1516 4542 1661 4606 anthologia
1677 4554 1752 4606 quam
1763 4542 1802 4591 tc·

1023 4619 1126 4668 nemus,
1141 4607 1207 4657 haud
1217 4610 1293 4659 udum
1309 4610 1440 4674 vestigium
1455 4614 1549 4662 certum
1564 4611 1667 4676 inveniri
1680 4616 1720 4669 τῆς
1733 4613 1801 4672 Παμ-

1024 4676 1107 4738 piapen
1123 4679 1191 4726 recte
1208 4677 1349 4729 observavit
1372 4679 1526 4744 Weigaudus
1546 4696 1571 4746 p.
1586 4687 1641 4733 558.
1655 4679 1801 4731 dddcndum

1023 4746 1156 4795 esitantem
1177 4749 1333 4809 Diogeninni
1354 4750 1519 4801 Heracleotae
1540 4749 1736 4813 Antbolooium,
1759 4749 1802 4812 qui

1025 4813 1136 4877 Meleagri
1160 4817 1186 4864 ei
1206 4814 1310 4880 Philippi
1340 4819 1441 4870 coronis
1462 4822 1579 4884 tanquam
1605 4821 1801 4884 supplementum

1024 4881 1118 4932 eddidit
1136 4896 1192 4946 quae
1206 4887 1262 4946 post
1275 4886 1329 4935 iilos
1342 4886 1373 4936 ad
1389 4888 1504 4938 Hadriani
1523 4889 1564 4940 rel
1584 4890 1699 4940 Antonini
1721 4902 1802 4952 usque

1025 4953 1134 5014 tempora
1144 4953 1234 5015 scripta
1247 4955 1317 5003 erant
1332 4955 1517 5019 epigrammata,
1528 4959 1666 5021 praesertim
1683 4959 1800 5021 satynca.

1024 5022 1092 5070 reiut
1105 5022 1212 5084 Lucilii,
1230 5024 1342 5085 Lucani,
1360 5025 1412 5088 ipse
1429 5041 1528 5090 quoque
1547 5028 1673 5078 literamm
1692 5029 1801 5079 ordinem

1024 5094 1133 5141 secutus.
1148 5093 1209 5142 Vide
1221 5095 1347 5156 Weigand.
1362 5110 1386 5159 p.
1398 5104 1442 5146 552
1457 5099 1541 5160 sequ]
