3940 5952
224 391 265 452 et
782 389 1037 451 ANTHOLOGIAE
1059 389 1262 452 PALATlNAE

324 531 392 582 218.
418 522 889 583 1119101210112111101.

218 661 271 722 'liv
288 662 398 743 οοόαρδν
411 661 577 738 Πολέμωνα,
589 661 633 721 τδν
650 663 677 720 ἐν
691 662 820 744 θυμέλῃσι
832 662 986 744 Μενάνδρου

257 753 380 832 κεόραντα
395 749 535 831 γλυκεροθς
551 755 598 823 τῆς
616 751 714 832 ἀλόχου
728 751 895 827 πλοκάμους,

218 844 355 920 ὁπλότερος
373 837 501 916 Πολέμων
514 839 667 916 μιμήσατο,
683 838 773 898 καὶτὰ
789 838 933 912 Ῥοδάνθης

259 927 392 1007 βάστρνχα
403 929 562 1006 παντόλμοις
575 926 666 1008 χερσὶν
681 922 819 1007 έληΐσατο,

180 1029 194 1071 t
218 1015 264 1074 reni
278 1017 413 1094 τραγικοῖς
428 1014 536 1096 ἀχέεσσι
548 1015 578 1074 rb
590 1014 706 1093 κωμικδν
721 1013 795 1096 ἔργον
809 1015 937 1096 ἀμείψας,

258 1103 382 1180 μάστιξεν
399 1106 504 1186 ῥαδινῆς
519 1105 588 1184 ἅψεα
603 1103 756 1184 θηλυτόρης.

218 1193 410 1273 Ζηλομανέςτθ
425 1194 558 1270 κολασμα·
573 1191 600 1253 τό
613 1191 664 1275 γδρ
676 1193 754 1253 τόσον
768 1193 842 1267 ἤλιτε
858 1191 950 1274 κούρη,

257 1282 283 1341 ei
295 1305 328 1362 με
341 1280 527 1362 κατοικτείρειν
540 1282 618 1354 ἤθελε
632 1282 797 1363 τειρόμενον,

218 1371 358 1453 ΣχέτλιοςΙ
370 1369 530 1453 ἀμφοτέρους
542 1369 569 1430 δὲ
587 1367 727 1450 διέτμαγε,
741 1368 819 1451 μέχρι
833 1369 879 1430 καλ
894 1371 972 1429 utet

179 1467 204 1506 ¹0
257 1457 408 1538 βλέμματος
423 1458 549 1532 luorico<
563 1458 662 1520 αἴθοπα
676 1457 834 1539 βασκανίην.

216 1545 285 1606 Ἀλλ’
296 1545 383 1626 ἔμπης
400 1545 499 1606 τελέθει
516 1546 696 1623 Μισούμενος·
709 1545 793 1627 αιίτδρ
817 1545 899 1626 όγιυγε

255 1632 399 1708 Δύσκολος,
409 1635 460 1714 οὐχ
471 1633 553 1714 ὁρόων
567 1633 616 1706 τὴν
630 1633 865 1715 Περικειρομένην.

328 1783 397 1837 219.
418 1777 577 1836 tritior
596 1774 882 1836 ΣΙΛΕΝΤΙΑΡΙΟΥ.

215 1915 370 1998 Κλέψωμεν,
385 1914 515 1990 Ῥοδόπη,
532 1915 566 1976 rb
583 1913 739 1997 φιλήματα,
755 1913 804 1986 τόν
817 1914 842 1975 τ’
856 1915 992 1998 ἐρατεινὴν

254 2004 299 2065 καὶ
312 2004 480 2085 περιδήριτον
496 2004 629 2087 Κύπριδος
644 2005 781 2086 ἐργασίην.

214 2092 280 2154 ‘litt
291 2094 395 2168 λαθεῖν,
409 2093 533 2176 ρυλάκων
546 2117 574 2152 τε
588 2093 725 2173 παναγρέσ
741 2093 835 2152 κανθδν
848 2091 956 2162 ἀλύξαι·

253 2180 339 2262 pulpis
352 2182 376 2240 δ’
391 2178 641 2262 άμραδίων-λέκτρα
658 2177 841 2260 μελιχρότερα.

331 2332 399 2385 220.
413 2323 584 2384 Aridior
603 2322 879 2408 ZXOAAZTlKOl‘.

211 2468 245 2526 El
254 2465 298 2523 καὶ
309 2470 353 2526 νῦν
365 2463 443 2535 nolui
458 2487 487 2523 σε
498 2462 658 2537 κατεύνασε,
670 2464 716 2523 καὶ
727 2463 758 2522 τδ
773 2464 901 2542 θαλυκρδν

250 2557 320 2613 κεῖνο
332 2552 522 2632 κατημόλύνθη
537 2552 642 2634 κέντρον
655 2551 817 2635 έρωμανόης,

209 2633 358 2725 ipsimi
374 2641 538 2715 Κλιόόουλε,
556 2640 650 2708 πόθους
660 2641 921 2720 νιότητοςέπιγνοθς,

249 2737 294 2790 νῦν
307 2732 351 2791 καὶ
366 2730 538 2810 θποικτεθρειν
556 2730 706 2809 ὁπλοτέρων
716 2729 824 2804 ὀδύνας,

209 2823 271 2898 μηδ’
287 2820 330 2880 ἐπὶ
345 2821 397 2888 τοῖς
411 2821 492 2890 ξυνοῖς
503 2818 601 2879 κοτέειν
617 2818 702 2898 μέγα,
718 2815 786 2895 μηδέ
797 2817 904 2894 κομάων

248 2910 295 2982 τὴν
311 2907 416 2991 puluis
433 2907 528 2989 κούρην
544 2906 658 2986 πάμπαν
674 2904 850 2984 άπαγλαέσαι.

208 3000 277 3061 ’Arri
287 2999 384 3080 πατρὸς
398 3022 430 3080 τη
443 2996 519 3056 παιδὶ
531 2996 613 3077 πάρος
623 2997 758 3075 μεμόλησο
769 2995 898 3076 ταλαίνῃ,

247 3090 292 3149 καὶ
302 3093 345 3146 νῦν
361 3085 481 3161 θξαπόνης
495 3085 637 3151 άντέπαλος
655 3084 772 3164 γέγονας.

318 3239 384 3291 221.
405 3229 563 3289 ΠΑΥΛΟΥ
585 3227 878 3287 ΣΙΛΕΝΤΙΑΡΙΟΥ.

208 3371 297 3454 Μέχρι
313 3370 383 3440 τόνος
399 3369 562 3451 ρλογάεσσαν
577 3366 786 3434 ύποκλέπτοντες
800 3365 910 3436 ὀπωπὴν

249 3461 345 3544 ρώριον
359 3457 481 3530 ἀλλήλων
499 3454 608 3536 βλέμμα
618 3452 813 3533 τιτυσκόμεθα;

208 3551 312 3610 λεκτέον
331 3547 468 3627 ἀμφαδίην
481 3542 662 3621 μελεδήματα·
678 3540 726 3613 xlv
738 3562 778 3608 τις
787 3537 865 3620 έρύξῃ

249 3633 374 3714 μαλθακά
386 3632 526 3691 λυσιπόνου
541 3628 681 3708 πλέγματα
697 3626 831 3706 συζυγίης,

210 3723 350 3805 φάρμακον
363 3717 521 3800 άμροτέροις
536 3715 607 3796 [ipos
618 3716 731 3775 ἔσσεται·
741 3713 814 3786 ἥδιον
827 3714 889 3790 ἡμῖν

249 3808 320 3879 ξυνδν
335 3808 376 3867 risi
388 3807 509 3886 μεθέπειν
522 3803 539 3876 ἢ
553 3805 608 3883 βίον
623 3803 640 3876 ἢ
653 3803 772 3862 θάνατον.

217 3905 1818 3938 ,......,........-.......-....-.....--------·------

429 3975 486 4024 εεό.
510 3989 622 4022 rossam
641 3987 769 4022 oraroars.

209 4085 315 4150 Antiqua
326 4080 458 4137 Polemoni,
472 4078 528 4129 lacit
537 4093 609 4144 quem
618 4092 689 4128 εοεαε
697 4074 824 4127 Menandri

241 4167 329 4218 Uxoris
340 4175 434 4217 teneras
445 4161 582 4213 dissecuisse
592 4177 683 4219 comas,
876 4225 878 4232 Ι

209 4255 277 4304 Alter
287 4253 351 4302 idem
361 4249 418 4300 lecit
427 4249 552 4310 Polemon,
562 4245 716 4313 pulchraeque
726 4241 881 4294 Rhodanthes

244 4337 360 4404 Abripuit
372 4337 450 4385 crines
459 4334 548 4385 vertice
560 4349 620 4383 sera
636 4350 729 4383 manus.

210 4419 307 4470 comica
318 4433 355 4468 res
364 4417 442 4467 luerat
455 4433 462 4466 :
476 4417 577 4482 tragicos
589 4415 753 4481 superaddidit
765 4429 842 4470 ausus,

243 4501 380 4551 Femineam
391 4500 470 4564 flagris
482 4516 538 4549 nam
553 4499 624 4548 scidit
634 4499 675 4548 ille
686 4507 775 4549 cutem.

209 4588 275 4634 Trux
288 4581 378 4632 lacinus
393 4598 399 4632 ι
419 4581 477 4646 quid
491 4581 554 4630 enim
571 4589 665 4629 tanturn
674 4587 815 4646 peccaverat
828 4578 869 4628 illa

242 4671 368 4716 AErumnas
382 4663 460 4712 luerat
477 4663 496 4712 si
513 4663 624 4711 miserata
639 4665 723 4712 meas?

209 4751 260 4803 Nos
271 4761 367 4814 quoque
381 4744 461 4795 divisit
472 4743 537 4794 ierus
549 4745 599 4804 ille,
612 4759 658 4793 neo
669 4757 711 4792 ora
722 4743 784 4790 tueri

242 4834 329 4882 Mutua
342 4825 407 4878 lert:
421 4834 500 4876 tantus
514 4834 612 4892 pectora
625 4825 688 4874 livor
699 4823 783 4874 babet.

209 4918 300 4964 Verum
312 4921 347 4962 est
356 4910 398 4960 ille
411 4917 491 4959 tumen
499 4908 646 4958 Mieumenos
657 4921 663 4956 ο
675 4915 712 4956 εει
721 4921 764 4972 ego
774 4913 839 4954 certe

242 4991 365 5060 Dyscolos,
378 4990 426 5041 beu
436 5003 542 5055 segrexa
555 4986 741 5037 Periciromene.

493 5113 549 5148 220.
568 5111 686 5145 nutum.

211 5216 361 5277 Quamquam
373 5212 443 5278 longa
457 5210 507 5262 dier
521 5218 545 5261 te
559 5209 609 5276 jam
621 5205 723 5269 sedarit,
734 5215 758 5256 et
770 5205 811 5255 ille

1210 547 1264 592 218.
1282 540 1429 590 AGATHIAE
1446 542 1657 593 senoursrrct.

1047 671 1184 736 superbum
1200 673 1369 736 Polemonem,
1383 672 1428 737 qui
1441 673 1466 722 in
1480 687 1552 725 scena
1564 674 1689 725 Menandri

1078 759 1163 812 tondet
1174 773 1263 811 suares
1274 761 1384 826 conjugis
1397 774 1449 812 sne
1460 761 1548 824 onnes,

1042 851 1125 914 Junior
1134 849 1251 900 Polemon
1262 849 1372 900 imitatus
1380 852 1432 913 eet,
1443 852 1469 901 et
1477 849 1635 902 ltlrodantbes

1077 936 1217 988 cincinnum
1229 936 1401 989 audacissimis
1416 938 1529 988 muribus
1542 938 1662 1000 vastarit,

1046 1027 1071 1077 et
1081 1039 1139 1076 eum
1148 1025 1248 1091 nagida
1263 1025 1390 1076 doloribus
1401 1025 1523 1077 comicum
1534 1027 1627 1077 lactum
1640 1029 1796 1090 permutans.

1077 1113 1206 1180 flagellarit
1215 1114 1312 1180 macilis
1322 1113 1433 1165 membra
1443 1114 1562 1166 mulieris.

1046 1202 1284 1268 tumne-zelotypio
1294 1200 1350 1253 beo
1360 1200 1464 1252 verbera
1476 1201 1552 1266 :quid
1565 1201 1737 1254 enlmtantum
1745 1215 1830 1266 pecca

1076 1291 1098 1342 si
1109 1290 1274 1342 commisereri
1282 1303 1323 1342 me
1333 1289 1413 1341 voluit
1424 1289 1563 1340 amictum?
1686 1289 1737 1358 [rit
1746 1289 1829 1356 virgo,

1045 1379 1131 1432 Miser!
1142 1382 1167 1432 et
1178 1379 1265 1430 ambos
1276 1378 1397 1442 seiunxit,
1406 1391 1487 1442 usque
1501 1378 1626 1443 adipsum

1076 1468 1158 1519 visum
1170 1467 1314 1532 interposita
1324 1466 1420 1518 ardenti
1432 1465 1531 1518 invidia

1044 1555 1108 1608 Nlbil
1120 1559 1204 1608 tamen
1212 1557 1296 1608 ellecit
1305 1556 1353 1608 nisi
1363 1557 1431 1620 quod
1443 1559 1495 1622 jam
1507 1557 1546 1606 est
1555 1554 1675 1616 Odiosus,
1685 1557 1710 1605 at
1721 1569 1768 1619 ego

982 1706 985 1712 ,
1075 1646 1236 1716 mauron
1255 1645 1342 1697 τίθεσο
1358 1647 1562 1696 Circumtonsam.

1243 1789 1297 1834 uo.
1313 1786 1408 1854 suuni¹
1421 1785 1617 1836 susurrium

1044 1926 1173 1984 l'nremur,
1184 1922 1308 1987 Rhodope,
1321 1924 1405 1975 oscula
1415 1924 1441 1975 et
1450 1923 1563 1985 amanio,

1074 2010 1164 2075 dequo
1177 2011 1250 2062 obem
1263 2009 1481 2074 pugnandum-mi,
1493 2009 1606 2074 cypridis
1619 2022 1689 2073 opus.
1722 2008 1828 2073 [τίθειος

1044 2100 1124 2148 snare
1130 2098 1206 2149 latere
1216 2101 1240 2150 et
1250 2097 1383 2149 custodum
1391 2095 1717 2162 cuneta-deprehendentem
1723 2097 1826 2150 oculum

1074 2187 1165 2237 sortire
1175 2189 1259 2237 autem
1267 2186 1358 2251 apertis
1367 2186 1490 2237 connubia
1501 2189 1563 2238 suot
1572 2185 1765 2250 melita-magis.

1205 2333 1259 2378 220.
1279 2328 1429 2379 AGATlllAE
1451 2329 1663 2380 solioulstlci.

1041 2457 1094 2508 Etsi
1104 2469 1170 2508 nuno
1179 2457 1281 2508 canities
1294 2459 1320 2508 te
1331 2457 1430 2521 sopivit,
1444 2459 1469 2508 et
1482 2456 1592 2508 fervidus

1070 2545 1111 2597 ille
1119 2545 1298 2598 hebetatusest
1307 2545 1424 2596 stimulus
1434 2543 1659 2606 amatorii-luroris,
1761 2573 1763 2578 ·

1040 2632 1158 2699 debebas,
1174 2649 1189 2686 o
1205 2634 1332 2696 cleobule,
1350 2632 1612 2698 amorumjnrontntis
1623 2632 1778 2696 ascematus,

1070 2725 1219 2776 nuncetiam
1231 2723 1397 2776 commisereri
1408 2722 1605 2774 natu-minorum
1617 2722 1722 2788 dolores,

1038 2827 1084 2865 nec
1093 2813 1126 2864 de
1139 2811 1312 2864 communibus
1325 2811 1397 2861 irasci
1409 2811 1576 2874 vehementer,
1594 2824 1639 2862 neo
1649 2824 1778 2868 mimarum

1070 2900 1158 2952 decore
1168 2899 1282 2966 gracilem
1292 2899 1401 2964 puellam
1409 2897 1509 2963 penitus
1518 2898 1620 2962 privare.

1038 2989 1095 3041 Ὰντὶ
1105 2992 1191 3054 πατρὸς
1201 2989 1325 3053 (utpoter)
1332 2987 1390 3038 huic
1398 2987 1488 3052 puelle
1493 2989 1567 3038 autea
1577 2999 1705 3038 enreeras
1714 2987 1826 3050 nusern,

1069 3081 1094 3130 et
1106 3091 1173 3130 nnnc
1183 3075 1266 3129 subito
1274 3077 1398 3134 ἀντίπαλος
1410 3075 1590 3140 (adversarius)
1599 3075 1679 3126 1εα1αε
1692 3089 1728 3126 es.

1239 3227 1292 3272 221.
1316 3222 1408 3270 PAULl
1426 3219 1620 3270 SILENTldllll.

1038 3369 1182 3430 Quousque,
1192 3363 1319 3416 ardentem
1330 3361 1482 3414 occultantes
1495 3360 1619 3420 obtutum,

1071 3457 1190 3507 furtivum
1204 3453 1384 3504 iones-mutuo
1396 3450 1496 3501 oculmu
1506 3449 1629 3514 jacimus?

1038 3547 1120 3610 aperte
1129 3541 1308 3594 dicende-sunt
1321 3553 1404 3598 ouran
1417 3539 1442 3590 et
1455 3537 1541 3600 siquis
1554 3535 1669 3600 impediat

1067 3636 1165 3684 tenems
1180 3625 1470 3682 doloribus-exsolventis
1480 3624 1610 3690 amplexus
1621 3621 1755 3685 connubii,

1038 3721 1171 3772 remedium
1185 3718 1306 3768 ambobus
1319 3716 1367 3767 erit
1379 3713 1460 3768 ensis:
1472 3713 1574 3765 suerius
1582 3712 1652 3763 nobis

1068 3811 1206 3860 consortem
1216 3807 1336 3870 perpetuo
1350 3803 1421 3868 sequi
1433 3803 1472 3854 rel
1484 3801 1561 3852 vitam
1571 3800 1610 3852 rel
1625 3803 1740 3852 mortem

1071 3969 1185 4019 Fersidus
1195 3967 1300 4017 exomni
1312 3973 1410 4032 pectore
1419 3963 1488 4013 cessit
1501 3977 1578 4023 amor,

1038 4052 1169 4107 Debueras,
1183 4047 1307 4110 Cleobule,
1319 4056 1367 4098 ture
1377 4061 1469 4096 mernor
1477 4061 1527 4094 esse
1535 4044 1651 4111 juventae,

1071 4141 1152 4202 Atque
1163 4143 1227 4190 etas,
1241 4131 1335 4199 placide
1344 4130 1418 4191 lerre,
1431 4129 1496 4196 quod
1507 4127 1548 4177 illa
1559 4127 1637 4194 jubet,

1037 4222 1093 4270 Non
1106 4215 1234 4282 indignari,
1245 4213 1265 4265 si
1277 4214 1336 4281 quid
1345 4213 1372 4265 lit
1381 4213 1439 4274 tale,
1449 4211 1556 4278 puellam

1071 4302 1193 4354 Continuo
1201 4299 1275 4366 raptis
1285 4314 1330 4348 nec
1338 4296 1441 4363 spoliare
1455 4293 1539 4345 comis.

1038 4389 1098 4450 Quae
1108 4385 1180 4435 modo
1193 4393 1216 4434 te
1226 4390 1320 4449 patrem
1331 4379 1397 4430 reiut
1409 4377 1587 4435 observaverat,
1601 4373 1637 4422 illi

1072 4469 1150 4521 llostis
1163 4478 1212 4519 tam
1221 4466 1300 4517 subito
1309 4463 1359 4530 qui,
1370 4478 1466 4530 precor,
1478 4477 1528 4510 esse
1538 4461 1625 4526 potes?

1259 4637 1316 4670 ΜΚ.
1336 4636 1407 4667 rauci
1425 4631 1586 4665 artemisii.

1037 4767 1131 4834 Ecquis,
1144 4766 1170 4816 in
1181 4765 1280 4815 alterius
1296 4761 1445 4812 flammantes
1457 4755 1618 4808 attereretur

1072 4851 1144 4918 Quod
1153 4849 1235 4901 furtim
1247 4847 1347 4915 jacimus
1357 4845 1455 4900 lumina,
1465 4842 1519 4893 linis
1529 4841 1596 4890 erit?

1038 4940 1101 4989 Cura
1115 4935 1208 4986 latenda
1219 4933 1298 5000 palam
1310 4938 1346 4981 est
1359 4939 1400 4981 :et
1414 4926 1570 4980 nobisduleia
1583 4923 1603 4974 si
1615 4921 1668 4988 quis

1071 5021 1158 5072 Vincla
1166 5017 1290 5086 soporileri
1299 5015 1393 5068 ioederis
1402 5012 1526 5080 impediat,

1040 5105 1163 5155 Ambobus
1175 5101 1236 5152 leret
1245 5099 1307 5150 ensis
1316 5113 1387 5165 opem
1398 5113 1404 5146 ι
1417 5111 1473 5146 nam
1484 5092 1579 5144 suarius
1589 5088 1659 5152 illud,

1072 5187 1202 5252 Participes
1211 5184 1265 5236 rite
1274 5183 1312 5234 rel
1325 5181 1389 5234 necis
1400 5197 1450 5231 esse
1460 5180 1528 5230 duos.
