3938 5950
184 443 242 502 ata
738 436 992 498 ANTHOLOGIAE
1015 435 1216 498 PALb‘llNAE

299 583 345 633 23.
367 571 617 632 Annlna'rpot·
643 569 836 629 tinnitor.

1213 597 1250 642 23.
1267 591 1434 642 anrlnannr
1451 591 1576 674 stnonu.

178 725 280 785 θάλλω
294 718 519 801 carpentoratae,
538 716 693 796 ’Ᾱνᾶκρῑθνι
709 717 778 798 cippi
799 715 827 777 σέ
845 716 953 794 Μυσὸς,
1004 736 1099 785 Floreat
1109 731 1378 797 quaternis-corymbis,
1389 735 1530 792 Anacreon,
1539 729 1631 779 circum
1645 731 1670 780 te
1683 729 1786 788 bodera,

218 811 287 890 ἁὸρτέ
300 833 328 868 τε
343 807 476 884 λειμώνων
492 807 642 886 πορφυρέων
658 805 777 865 πέταλα·

178 899 262 976 πηγαί
279 898 302 954 δ’
318 893 480 976 δργινόιντος
495 893 833 971 διναδλίὸοιντογοίλακτος,

219 987 312 1052 εὐῶδες
327 983 351 1042 δ’
365 983 417 1040 aab
429 982 536 1062 piratii
551 982 639 1062 χέοντο
654 980 735 1059 μέθυ,

178 1071 245 1153 δφρτι
258 1069 288 1131 κέ
302 1070 341 1130 τοί
356 1070 453 1142 σποδιή
467 1092 494 1128 τε
515 1069 559 1127 καί
574 1069 652 1128 δστέα
664 1067 755 1150 τέρψιν
771 1067 882 1146 ἄρηται,

218 1164 241 1220 εἰ
256 1161 287 1232 δή
302 1183 341 1227 τις
355 1157 486 1238 φθιμένοις
502 1157 664 1236 χρίμπτεται
679 1155 836 1236 εὐφροσύνα,

177 1239 199 1308 ὦ
215 1249 243 1308 ri
258 1249 331 1330 φίλον
342 1245 465 1326 στέρξας,
481 1247 553 1327 φίλε,
569 1245 707 1326 βέρὸιτυν,
721 1235 744 1304 oi
760 1244 806 1304 σὺν
822 1246 898 1326 ἀοιδᾷ

217 1337 303 1397 ποίντα
317 1333 467 1402 διαπλώσας
480 1335 525 1395 καί
541 1334 587 1394 σὺν
602 1334 679 1416 ἔρωτι
691 1334 757 1414 βίον.

418 1503 467 1554 tr.
496 1494 715 1553 ΣΙΜΩΝΙΔΟΥ.

178 1649 275 1729 Ἧμερὶ
286 1651 496 1729 πανδέλκτειρα,
517 1646 677 1726 μεδντρόφε,
692 1651 777 1726 μῆτερ
794 1644 915 1728 ὀπώρας,

218 1737 323 1812 οὔληςῆ
338 1737 440 1796 σκολιδν
455 1733 561 1814 πλέγμα
574 1734 646 1816 φύεις
659 1734 758 1806 έλικος,

178 1825 260 1897 Τηΐου
274 1824 401 1897 ἡὸήσειας
412 1821 602 1903 ’λνακρείοντυς
613 1820 654 1880 ἐπ’
667 1822 736 1902 ἄκρῃ

217 1913 301 1992 στήλῃ
312 1913 357 1971 καί
368 1915 457 1994 λεπτῷ
470 1911 577 1990 χώματι
587 1911 661 1969 τοῦδε
676 1908 776 1989 τιίφου,

137 2017 150 2056 ⁵
177 2004 234 2070 ώςδ
248 1999 405 2082 φιλώιρητός
414 2024 442 2060 τε
456 1999 501 2060 καί
511 1997 648 2078 οίνοδαρὴς
660 1997 818 2079 φιλοκώμοις

218 2090 372 2171 παννυχίσιν
383 2089 483 2170 κροῦων
498 2087 546 2160 τὴν
557 2087 701 2167 φιλόπαιδα
713 2085 809 2166 χέλυν,

178 2184 225 2252 κήν
240 2179 316 2258 χθονί
331 2177 469 2250 πεπτηὼς,
484 2178 600 2256 κεφαλῆς
615 2175 739 2256 ἐφύπερθε
757 2172 860 2256 φέροιτο

218 2268 316 2347 ἀγλαὸν
329 2267 432 2349 ὡραίων
446 2267 539 2346 βότρυν
554 2265 603 2323 ἀπ’
614 2263 781 2344 ἀκρεμόνων,

178 2355 223 2414 καί
238 2380 282 2432 μιν
297 2355 338 2415 ἀεί
352 2353 439 2433 τέγγυι
452 2352 544 2432 νοτερὴ
558 2351 663 2432 δρόσος,
673 2343 704 2424 ἧς
714 2355 727 2410 δ
739 2351 840 2429 γεραιὸς

127 2455 153 2493 ¹⁰
218 2444 358 2522 λαρδτερον
374 2444 501 2519 μαλακῶν
517 2440 606 2499 ἔπνεεν
626 2442 656 2498 ἐκ
668 2439 818 2517 στομάτων.

434 2605 479 2654 2⁵.
502 2606 562 2651 ΤΟΥ
581 2605 690 2650 ΑΥΤΟΥ.

180 2735 263 2808 Οδτος
279 2738 476 2818 Ἀνακρείοντα,
491 2737 534 2793 τὸν
554 2737 658 2816 ἄφθιτον
673 2735 759 2794 εἵνεκα
774 2733 900 2793 Μουσέων

220 2828 378 2904 δμνοπέλον,
392 2825 495 2903 πέτρης
511 2823 609 2901 cipio<
623 2823 712 2882 έδεκτο
726 2822 800 2894 Τέω,

180 2919 206 2985 t<
221 2917 343 2998 Χαρίτων
361 2913 481 2972 πνείοντα
497 2911 709 2990 μέλη,πνείοντα
722 2912 744 2969 δ’
757 2910 899 2990 Ἐρώτων,

219 3006 263 3064 τὸν
278 3003 374 3082 γλυκὺν
390 3004 414 3068 ές
426 3000 526 3061 παίδων
542 3000 632 3079 ἵμερον
646 2999 793 3078 ἡρμόσατο.

1035 825 1061 873 et
1074 825 1159 872 tenera
1170 823 1297 885 pratorum
1306 831 1487 884 purpureorum
1499 817 1569 874 lolia;

1004 909 1083 959 toratce
1095 909 1179 957 autem
1191 905 1288 956 candidi
1302 905 1467 968 exprimantur
1476 903 1562 964 lactis.

1035 1000 1060 1048 et
1075 995 1239 1047 bene-clauae
1251 997 1316 1045 terra
1330 993 1404 1044 dulcc
1418 993 1536 1044 tundatur
1544 996 1680 1053 temetum,

1006 1087 1034 1132 ut
1048 1083 1092 1133 tibi
1106 1081 1188 1146 putria
1203 1084 1228 1132 ct
1240 1095 1297 1132 osca
1309 1073 1482 1142 delectentnr‚‘

1036 1169 1167 1233 siquidem
1184 1169 1266 1232 aliqua
1285 1167 1409 1218 defunctis
1425 1167 1604 1231 appropinquat
1614 1167 1709 1228 laetitia,

1004 1259 1123 1320 comice,
1134 1257 1177 1321 qui
1191 1257 1299 1307 ataricum
1313 1255 1413 1307 fovebas
1425 1255 1551 1306 barbiton!
1565 1255 1633 1319 oqui
1642 1269 1700 1305 cum
1714 1259 1788 1305 cantu

1036 1363 1133 1400 omnem
1144 1348 1272 1400 tranatasti
1283 1350 1308 1398 et
1320 1361 1378 1422 cum
1389 1360 1473 1396 amore
1485 1345 1574 1397 vitam!

1284 1508 1321 1553 et.
1340 1504 1507 1552 staronrnls.

1006 1646 1070 1697 vitis
1088 1643 1305 1705 omnia-mulcens,
1321 1644 1561 1703 uini-nutrix,muter
1571 1642 1718 1703 vindemia.

1037 1737 1124 1801 crispei
1140 1749 1197 1799 quae
1212 1749 1315 1785 curvum
1329 1735 1427 1798 plexum
1436 1746 1538 1798 generas
1546 1733 1687 1796 clanculae,

1006 1825 1059 1876 teti
1067 1837 1163 1875 crescas
1177 1823 1336 1874 Anacreontis
1345 1823 1371 1872 in
1384 1835 1481 1872 summa

1037 1913 1151 1963 columna
1166 1913 1191 1962 et
1206 1925 1282 1976 parvo
1293 1910 1353 1960 colle
1367 1910 1440 1973 buius
1452 1907 1572 1973 sepulcri,

1006 2003 1035 2051 ut
1048 2001 1239 2050 meri-amauset
1252 1999 1397 2064 vino-gravis
1406 1996 1632 2048 incondssabundie

1037 2087 1168 2154 pervigiliis
1177 2089 1278 2152 pulsans
1286 2087 1617 2151 juvenes-unanimorum,

1006 2177 1080 2228 ctiam
1093 2175 1270 2239 nuntiamus,
1285 2188 1359 2239 super
1372 2175 1452 2238 capite
1465 2173 1587 2224 suo-terat

1037 2264 1178 2329 praeclaram
1191 2276 1265 2313 uram
1277 2261 1381 2314 maturio
1396 2262 1539 2320 eracemie;

1007 2355 1032 2403 ct
1045 2365 1141 2415 semper
1153 2351 1230 2415 tingat
1244 2351 1313 2401 illum
1333 2351 1387 2400 vini
1409 2363 1450 2400 roe
1462 2347 1607 2413 humidum,
1625 2362 1677 2412 quo
1690 2353 1789 2402 ventur

1039 2441 1152 2490 suaviora
1164 2442 1249 2490 tenero
1264 2437 1372 2501 spirabat
1384 2452 1416 2488 cx
1429 2451 1480 2488 ore.

1287 2596 1326 2640 25.
1354 2597 1507 2640 benenati.

1008 2743 1060 2792 lloc
1075 2738 1435 2802 Anacreontcm,immortalem
1447 2752 1491 2804 per
1504 2739 1589 2790 ldnsas

1037 2831 1148 2891 poetam,
1164 2827 1250 2892 patria
1259 2828 1401 2892 sepulcrum
1409 2828 1501 2894 recepit
1514 2829 1572 2892 Tei,

1007 2915 1051 2978 qui
1066 2915 1162 2966 Gratias
1176 2915 1292 2980 spirantia
1301 2915 1408 2966 carmina
1419 2918 1444 2967 et
1454 2916 1571 2981 spirantia
1584 2923 1698 2980 Amores,

1038 3007 1062 3056 in
1073 3021 1151 3058 suavo
1163 3021 1297 3071 puerorum
1311 3007 1460 3058 desiderium
1473 3008 1635 3060 concinnavit.

140 3111 153 3148 a
181 3097 283 3154 Μοῦνον
299 3092 322 3150 δ’
334 3096 371 3151 ιίν
383 3089 516 3169 Ἀχέροντι
531 3088 688 3168 βαρύνεται,
708 3089 757 3166 οὐχ
770 3085 811 3146 δτι
823 3087 919 3146 λείπων
1008 3096 1062 3145 Uno
1070 3097 1154 3145 autem
1167 3095 1319 3158 grauaturin
1331 3095 1665 3159 Aclreroutc,noneo-quod
1678 3097 1792 3160 linquens

219 3181 319 3253 ἠελιον,
330 3179 419 3251 Λήδας
432 3177 516 3236 ένθοίδ
531 3177 624 3257 ἔκυρσα
638 3176 741 3255 δόμων·

182 3271 240 3328 ἀλλ’
256 3268 296 3327 ὅτι
309 3267 353 3326 τδν
365 3267 492 3348 χαρίεντα
506 3265 564 3342 μετ’
577 3267 689 3336 ἠϊθέοισι
703 3265 853 3344 Μεγιστία,

219 3358 264 3415 καί
278 3357 323 3415 τὸν
339 3355 474 3432 Σμερδίεω
486 3356 582 3433 Θρῇκα
593 3353 700 3412 λέλοιπε
711 3353 799 3414 πόθον.

181 3447 293 3514 Μολπῆς
306 3445 327 3501 δ’
342 3446 369 3501 οὐ
379 3441 454 3518 λήγει
468 3440 635 3518 μελιτερπέος
645 3488 653 3518 ,
665 3439 724 3498 ἀλλ’
733 3439 769 3500 ἔτ’
785 3444 881 3501 ἐκεῖνον

129 3544 155 3584 10
222 3529 344 3610 βέρὸιτσν
357 3530 414 3589 otti
431 3527 513 3586 θανών
527 3527 632 3587 εὔνασεν
645 3533 681 3586 είν
697 3527 779 3606 Ἀίδῃ.

414 3751 453 3795 αδ.
475 3763 605 3793 narrantur
622 3763 729 3806 arcican,

469 3871 499 3919 de
511 3877 672 3924 Arracreonte.

182 4000 281 4064 cingat,
297 3996 449 4059 Atracrcion,
462 3998 608 4064 quadruplex
622 4007 662 4048 tua
676 3997 745 4048 busta
755 3999 895 4066 comitibus,

215 4087 245 4132 Et
262 4098 315 4148 qnae
329 4089 455 4132 vernantes
464 4098 571 4148 purpura
586 4082 656 4131 restit
669 4098 746 4145 apros.

182 4166 297 4218 Fontibus
309 4175 403 4216 emanet
417 4165 482 4216 niuei
494 4165 557 4216 bona
567 4166 636 4232 copia
649 4165 730 4228 lactis,

214 4248 308 4298 Fundat
319 4248 411 4297 odorati
421 4248 505 4314 pecuda
517 4258 582 4298 terra
596 4247 670 4308 meri,

181 4335 215 4381 Ut
227 4331 319 4380 cinerea
330 4330 435 4380 babeant
448 4347 495 4396 quc
507 4332 667 4392 delectentur,
681 4340 706 4380 et
721 4346 773 4380 oasa

215 4413 239 4461 si
251 4413 308 4476 quid
321 4413 391 4461 drrloe
402 4422 481 4461 tamen
495 4414 606 4462 Manibus
618 4429 667 4461 csse
679 4422 765 4479 poteri.

182 4497 205 4543 0
218 4493 256 4542 cui
268 4509 322 4542 cara
335 4493 380 4542 tuit
392 4511 485 4562 semper
498 4497 565 4560 lyra,
579 4497 675 4560 uitaque
688 4511 780 4545 amores

217 4579 282 4624 luter
289 4584 314 4624 ct
322 4583 417 4638 argutos
426 4577 542 4625 velificata
554 4577 636 4625 modos
645 4579 650 4624 l

475 4707 515 4754 ed.
535 4715 673 4762 ειειοκιοσ,

508 4806 538 4854 dc
551 4805 640 4855 eodem.

184 4926 245 4970 teta
260 4917 319 4968 meri
332 4925 408 4965 meter
419 4931 471 4980 quae
483 4915 571 4980 crispas
581 4915 686 4963 molliter
699 4931 756 4964 uras

218 5003 307 5055 luteris
319 5000 390 5051 ieratis
401 4999 469 5048 ebria
482 4997 638 5064 palmitibus,

185 5085 278 5134 Fronde
288 5093 327 5133 tua
341 5083 432 5131 veletur
442 5081 601 5130 Anacrciontn
614 5080 723 5128 colnmna

218 5169 277 5230 Qua·
289 5175 367 5222 notat,
379 5171 403 5214 ct
413 5165 489 5214 tentiis
499 5181 545 5230 qua
560 5163 673 5228 sepelitur
684 5161 770 5211 Ιιιιιιιιιε
788 5177 795 5214 :

186 5253 217 5298 ur
230 5247 310 5298 sitiens
324 5249 372 5297 viui
386 5258 599 5313 courmessutorqnc
612 5263 655 5313 per
669 5261 764 5296 ornnem

1037 3182 1130 3243 colem,
1144 3183 1278 3233 Obliuionis
1290 3183 1339 3233 illic
1351 3184 1455 3248 adeptus
1470 3187 1508 3234 cet
1520 3183 1619 3246 domos,

1007 3271 1052 3322 sed
1069 3272 1136 3335 quod
1150 3271 1278 3322 amabilem
1294 3271 1358 3322 inter
1366 3273 1471 3335 juvenes
1484 3272 1645 3336 Megisteum,

1038 3363 1064 3411 et
1079 3358 1194 3410 Smerdiae
1207 3359 1353 3409 Thracicum
1373 3360 1472 3422 reliquit
1487 3373 1603 3410 amorem.

1006 3449 1113 3499 Cautum
1126 3461 1186 3498 uero
1202 3461 1250 3498 uon
1264 3447 1353 3498 desinit
1365 3447 1494 3512 mellitum,
1505 3462 1591 3512 noque·
1601 3448 1685 3499 adbuc
1698 3449 1758 3499 illud

1038 3536 1163 3597 barbiton,
1176 3550 1207 3588 ne
1220 3539 1333 3587 mortum
1350 3536 1458 3600 quidem,
1473 3537 1562 3600 sopivit
1573 3538 1598 3588 iu
1610 3540 1683 3588 orco.

1039 3749 1142 3797 Noctem
1152 3747 1182 3796 da
1192 3747 1260 3812 pueri
1270 3747 1350 3813 pulset
1360 3763 1442 3798 amore
1451 3747 1549 3814 chelyn.

1007 3833 1077 3879 Nunc
1089 3829 1209 3895 etiamque
1222 3839 1286 3894 tegat
1294 3831 1324 3879 de
1336 3829 1443 3897 pulchris
1453 3831 1513 3882 iacta
1523 3831 1622 3881 racemir

1040 3914 1069 3960 lu
1081 3920 1156 3962 terrae
1169 3911 1227 3977 lapsi
1240 3911 1298 3961 lecta
1310 3927 1400 3962 corona
1411 3921 1494 3979 caput,

1006 3996 1057 4044 Nec
1070 3993 1159 4044 Bromii
1173 3993 1204 4043 sit
1215 3993 1275 4044 roris
1286 4011 1372 4060 egeus,
1384 4012 1432 4061 quo
1444 3995 1537 4045 dulcius
1547 3994 1597 4062 ipso

1039 4075 1143 4142 Spiranit
1155 4075 1233 4143 lepido
1246 4092 1343 4126 manaen
1358 4077 1390 4126 ab
1402 4093 1444 4126 ore
1456 4093 1537 4127 senex.

1303 4233 1344 4284 αδ.
1364 4249 1488 4296 nuenton,

1331 4367 1360 4416 dc
1369 4367 1460 4420 eodem.

1007 4497 1146 4560 Victuram,
1165 4500 1222 4548 dum
1235 4501 1351 4561 muudus,
1363 4501 1523 4552 Anacrciouta
1539 4504 1655 4553 Commune

1040 4582 1181 4631 Muneribus
1192 4582 1274 4632 condit
1290 4584 1367 4649 patria
1378 4592 1442 4634 terra
1451 4589 1511 4636 Teos
1524 4599 1531 4637 t

1008 4665 1080 4729 Cujus
1093 4679 1185 4713 arnoena
1193 4665 1259 4730 jocos
1268 4666 1359 4732 spirant
1372 4676 1395 4716 ct
1408 4677 1491 4718 nectar
1499 4684 1605 4719 amorum

1042 4747 1145 4797 Condita
1157 4746 1266 4799 formosis
1280 4749 1385 4798 carmina
1395 4751 1424 4799 de
1433 4751 1522 4816 puerit.

1009 4833 1079 4882 Nunc
1091 4830 1229 4881 Acheronta
1243 4833 1308 4882 dolet
1319 4833 1382 4882 aolus
1399 4833 1457 4891 sibi,
1473 4835 1587 4902 nunquia
1597 4836 1662 4900 regni

1041 4921 1132 4983 Raptus
1143 4918 1173 4967 ad
1185 4917 1273 4968 iuierui
1285 4919 1368 4969 nubila
1379 4919 1429 4968 cole
1441 4929 1519 4976 caret,

1008 4999 1053 5047 Sed
1063 4999 1120 5064 quia
1134 5015 1199 5049 nunc
1210 5001 1326 5066 juvenum
1338 5001 1442 5051 delectat
1452 5001 1524 5050 corda
1537 4999 1664 5064 neptunus

1043 5079 1138 5143 Dulcis,
1149 5090 1174 5130 et
1185 5081 1291 5133 incendit
1302 5083 1408 5134 Smerdia
1424 5081 1506 5132 Thrax
1521 5081 1588 5133 alica.

1010 5164 1082 5214 Nulla
1092 5171 1172 5213 tamen
1188 5174 1271 5214 cautus
1280 5165 1370 5214 oblivia
1383 5181 1389 5215 ε
1403 5163 1511 5215 barbitos
1522 5163 1559 5215 illi

1045 5247 1134 5297 Blanda
1149 5248 1229 5298 necin
1244 5247 1305 5298 Ditis
1321 5249 1376 5298 aede
1392 5249 1478 5299 silente
1488 5248 1552 5299 silet.
