3938 5950
255 433 316 494 ³00
828 429 1082 493 ANTHOLOGIAE
1103 431 1308 492 PALATINAE

448 573 513 623 145.
537 562 824 624 ΑΣΚΛΗΠΙΑΔΟΥ.

245 690 299 752 'Ad'
316 693 368 770 έγὼ
380 692 397 750 θ
409 693 515 770 τλάμων
528 693 619 774 Ἀρετδι
634 693 707 774 παρὰ
721 695 787 774 τῷδε
797 694 916 772 κάθημαι

283 781 396 850 Aleon<
407 781 502 863 πίμθιρ
514 784 657 864 κειραμένα
671 782 835 859 πλοκάμους,

245 869 324 946 θυμδν
339 869 398 947 άχει
410 871 519 950 μεγάλῳ
536 869 723 949 βεθολημένα,
741 871 764 928 εί
777 869 841 949 παρ’
856 869 970 950 Ἀχαιοῖς

285 956 302 1014 δ
316 955 447 1037 δολόρριον
459 955 560 1016 Ἀπάτα
573 955 683 1038 κρέσσον
698 959 761 1034 ἐμεῦ
776 958 894 1017 δύναται.

360 1099 426 1149 146.
452 1091 703 1150 ΑΝἸἸΠλΤΡΟΥ
724 1091 917 1150 multator.

246 1208 327 1291 Σῆμα
340 1215 402 1294 παρ’
418 1217 552 1276 Αίάντειον
566 1217 609 1274 tot
620 1216 765 1288 Ῥοιεηΐσιν
780 1218 871 1284 ἀκταῖς

285 1301 435 1383 θυμοὸαρὴς
447 1303 539 1384 ’Aperit
557 1305 674 1383 μίρομαι
687 1307 811 1383 ἑζομένα,

246 1392 414 1468 άπλέκαμος,
429 1393 573 1466 πινόεσσα,
588 1393 630 1452 διδ
642 1392 725 1474 κρίσιν
741 1393 797 1452 ὅττι
810 1396 958 1472 Πελασγῶν

285 1482 331 1537 οὐκ
343 1482 422 1558 σἰρετδι
435 1488 511 1561 νικᾷν
523 1481 651 1561 ἔλλαχεν,
667 1479 736 1540 ἀλλὰ
748 1481 831 1550 δολος.

244 1566 349 1646 Τείχτα
362 1569 384 1625 δ’
399 1567 431 1626 δν
442 1567 537 1636 λέξειαν
552 1569 691 1648 Ἀχιλλέος·
706 1565 848 1649 ιἈρσενος
860 1571 965 1645 ιἰκμᾶς,

285 1682 297 1704 ·
307 1657 336 1713 οὔ
353 1659 463 1714 σκολιῶν
477 1657 565 1734 μύθων
581 1657 668 1734 άμμες
681 1655 805 1737 ἐφιέμεθα
823 1683 851 1714 ι.

507 1790 572 1842 ιιι.
594 1782 750 1842 ΑΡΧΙΟΥ.

247 1907 349 1970 Μοῦνος
366 1905 569 1986 έναιρομένοίσιν
581 1907 630 1964 θπέ
648 1928 733 1984 μαχος
744 1905 843 1964 ἀσπίδα
855 1905 959 1982 τείνας,

286 1991 362 2066 νηυσί
378 1993 459 2073 βαρὺν
474 1995 586 2074 Τρώων,
602 1928 683 2070 Δίαν,
699 1993 803 2072 ἔμεινας
814 1994 889 2073 άρην·

246 2079 304 2140 οὐδέ
316 2103 345 2140 σε
358 2081 509 2161 χερμαδίων
523 2071 590 2141 aises
601 2081 715 2156 κτύπος,
730 2081 841 2163 οὖνέερος
853 2085 910 2159 ίιῖιν,

286 2171 314 2228 οιἰ
329 2175 391 2250 πῦρ,
406 2172 434 2229 οὗ
450 2170 577 2250 δοράτων,
589 2173 618 2229 οὗ
633 2170 726 2251 ξιρέων
742 2172 872 2248 πάταγος·

206 2275 219 2314 a
247 2259 307 2316 ἀλλ’
324 2259 407 2324 αὕτως
420 2258 536 2338 προὸλής
546 2283 574 2318 τε
584 2259 629 2316 καί
642 2259 769 2335 ἔμπεδος,
781 2257 816 2328 ὥς
829 2283 868 2328 τις
880 2259 985 2339 έρίπνα,

286 2347 410 2424 ἱδρυθείς,
424 2345 499 2417 έτλης
513 2346 632 2405 λαίλαπα
645 2345 808 2423 δυσμενέων.

248 2435 281 2491 Εἰ
294 2433 321 2490 δέ
333 2457 362 2492 σε
376 2435 412 2510 μὴ
424 2434 563 2514 τείχεσσιν
579 2435 709 2514 Ἀχιλλέος
722 2435 835 2498 ὥπλισεν
849 2436 962 2511 Ἑλλὰς,

285 2519 355 2588 άξιον
367 2524 424 2579 ἀντ’
439 2525 533 2601 άριτᾶς
546 2523 615 2582 ὅπλα
630 2527 747 2601 παροῦσα
762 2523 855 2603 γέρας,

246 2608 370 2687 Μοιράων
385 2611 496 2689 βουλῇσι
505 2611 563 2668 τάδ’
575 2609 731 2688 ἤμπλακεν,
745 2616 779 2678 ὡς
794 2611 825 2670 ἂν
844 2611 890 2670 ὑπ’
904 2616 1003 2692 ἐχθρῶν

192 2711 219 2751 au
286 2695 323 2773 μή
336 2719 416 2774 τινος,
435 2695 503 2756 ἄλλά
518 2696 549 2756 od
564 2703 597 2776 σῇ
612 2699 714 2776 πότμον
730 2699 791 2780 ἕλῃς
805 2701 928 2778 παλάμῃ.

496 2833 556 2883 148.
576 2834 773 2882 ΑΔΕΣΠΟΤΟΝ.

245 2943 325 3020 Σῆμα
337 2943 391 3004 τάδ’
407 2943 516 3014 λίαντος
527 2947 719 3024 Τελαμωνίου,
734 2946 761 3007 θν
773 2946 854 3008 κτάνε
868 2949 967 3030 Μοῖρα,

283 3032 528 3113 αιίτοῦχρησαμίνα
540 3034 585 3094 καί
601 3035 664 3116 χερὶ
679 3036 725 3095 καὶ
740 3034 817 3114 ξίφεϊ.

244 3117 314 3179 Odsi
326 3119 376 3200 γδιρ
386 3123 413 3178 έν
428 3123 543 3193 θνητοῖσι
558 3123 689 3194 δυνήσατο
697 3121 743 3180 καί
761 3126 879 3200 μεμαυῖα

283 3208 420 3288 εὑρέμεναι
433 3210 533 3270 Κλωθὼ
547 3211 609 3291 τῷδ’
625 3211 712 3292 ἕτερον
729 3211 819 3293 ρονέα.

386 3349 452 3399 149.
478 3343 673 3403 sedulior
693 3343 883 3404 ΣΧΟΛΑΣΤ.

240 3467 337 3524 γΙίεῖται
351 3465 388 3524 ot
398 3466 481 3546 Τροίῃ
493 3469 678 3546 Τελαμώνιος,
696 3469 726 3530 οὗ
739 3494 789 3530 τινι
804 3473 826 3529 δ’
842 3471 928 3548 έμπης

155 3551 166 3568 “
283 3551 406 3612 άντιὸίων
421 3555 523 3621 δπάαας
539 3546 613 3635 εδχος
627 3561 669 3614 ἑοῦ
686 3558 806 3618 θανάτου·

514 3719 569 3774 ιςθ.
589 3735 757 3782 secanam,

518 3809 520 3816 ’
574 3807 603 3858 dc
614 3809 697 3872 Ajoee.

245 3900 322 3950 Fortis
335 3898 365 3948 ed
377 3897 456 3964 Ajacia
470 3900 588 3951 tumulum
601 3901 724 3966 (miserere
734 3903 822 3970 viator)

276 3981 346 4030 Fleuo
357 3983 427 4031 sedeo
443 3982 541 4044 Virtus,
554 3992 577 4033 ot
590 3983 695 4035 lacerata
703 4001 801 4037 comes:

243 4063 321 4113 Corde
330 4063 413 4114 dolens
424 4074 490 4126 toto,
502 4065 620 4114 l'raudem
632 4082 657 4116 se
668 4067 733 4118 nube
745 4077 862 4134 tegentem

275 4145 346 4210 Quod
358 4146 425 4212 Grsji
437 4163 549 4212 proceres
565 4151 701 4201 antetulere
715 4150 785 4203 mihi.

527 4253 583 4308 add.
603 4269 752 4317 amarer,

564 4339 595 4389 de
610 4341 702 4393 eodem.

241 4425 319 4490 Ajacis
330 4426 423 4476 tumulo
436 4425 537 4478 ltlroeteo
551 4427 576 4478 io
586 4428 668 4480 littore
679 4432 762 4496 lugens

179 4515 184 4526 “
274 4509 371 4558 Δεεὶιίεο
383 4510 467 4560 Virtus
480 4512 526 4561 icta
540 4513 624 4563 dolore
635 4516 710 4578 gravi,

240 4591 367 4656 squalens,
380 4593 448 4642 scisso
460 4610 553 4656 comus,
565 4599 629 4662 quod
638 4615 686 4648 non
702 4608 737 4648 est
750 4608 820 4665 gente
834 4600 928 4666 Pelasga

274 4675 357 4724 Iudice
367 4676 451 4726 virtuti
460 4678 501 4727 sed
510 4679 564 4729 data
574 4681 652 4746 palma
664 4682 729 4734 dolo.

242 4755 317 4822 ipsius
326 4772 406 4818 arms,
416 4757 483 4825 loqui
497 4771 608 4826 possent,
619 4763 776 4828 loquerentur
786 4765 888 4816 Achillis
899 4783 905 4797 ·

274 4837 414 4903 viscosis,
428 4849 453 4890 at
466 4855 515 4892 nou
530 4842 616 4894 callida
627 4844 691 4894 dicta
703 4846 808 4912 placem.

541 4948 597 5004 ¹⁴7·
615 4957 726 5008 sacam,

563 5032 594 5083 de
606 5033 697 5087 eodem.

242 5131 289 5194 Qui
302 5131 353 5182 luce
363 5147 487 5184 succensas
496 5133 581 5201 clrnro
594 5135 722 5188 defendere
736 5155 840 5207 puppes,

275 5215 379 5281 vimque
391 5216 509 5284 Phrygum
524 5235 601 5286 posses
614 5219 720 5286 pellere,
735 5222 799 5274 solus
811 5239 882 5276 eras:

1336 573 1387 621 14⁵.
1405 568 1617 620 ASOEAEPIADAE.

1080 703 1140 750 Haec
1156 714 1201 764 ogo
1211 700 1291 750 infelix
1306 700 1392 750 Virtus
1405 698 1463 750 huic
1473 698 1569 750 assideo

1109 789 1188 852 Aiacis
1197 790 1309 850 tumulo,
1323 792 1395 840 tonse
1411 789 1545 850 cincinnos,

1082 878 1191 928 animum
1201 875 1285 927 dolore
1301 877 1392 942 ingenti
1404 891 1537 942 percussa,
1548 877 1568 927 si
1579 878 1647 942 apud
1659 880 1761 930 Grecos

1108 965 1295 1030 doloseop'tsns
1305 968 1383 1016 Freus
1396 979 1436 1016 me
1445 967 1500 1032 plus
1513 967 1596 1030 pollet.

1278 1101 1330 1148 tls.
1346 1099 1513 1147 ANTlPsTltl
1528 1099 1657 1149 sinotlll.

1078 1229 1263 1279 Monumentum
1271 1226 1341 1289 iuste
1352 1229 1482 1278 AEauterm
1491 1227 1612 1290 (Aiacis)
1625 1228 1651 1278 io
1660 1228 1764 1279 Rhoeteo
1772 1228 1847 1280 littore

1109 1316 1327 1380 aninum-gravata
1335 1315 1421 1365 Virtus
1432 1315 1552 1366 lamentor
1565 1314 1690 1377 assidens,

1078 1403 1266 1465 abisse-crines,
1278 1403 1390 1464 sordida,
1400 1404 1459 1468 quie
1471 1417 1501 1454 ex
1512 1403 1605 1466 jndicio
1616 1405 1774 1470 Pelasgorum

1108 1510 1157 1546 non
1171 1495 1257 1545 virtuti
1269 1494 1371 1544 victorie
1383 1493 1482 1557 obtigit,
1497 1493 1542 1544 sed
1552 1493 1617 1545 dolo.

1077 1591 1152 1637 Arma
1165 1599 1223 1636 reno
1238 1583 1343 1635 dixerint
1356 1583 1456 1635 schum
1473 1604 1480 1634 ι
1497 1602 1510 1630 ι
1528 1583 1667 1635 Masculum
1687 1583 1773 1648 robor,

1111 1695 1122 1720 ι
1137 1688 1185 1725 oon
1197 1673 1296 1737 obliquo
1311 1673 1385 1724 rerba
1395 1686 1440 1722 nos
1453 1672 1599 1736 appetimus.
1612 1693 1624 1716 ι

1372 1790 1424 1838 147.
1440 1787 1574 1837 ARCHIAE.

1079 1900 1150 1950 Solus
1162 1901 1292 1964 pereuntes
1304 1900 1469 1964 propugnator
1482 1897 1567 1962 clypeo
1580 1901 1680 1963 tegens,
1769 1906 1773 1912 '
1789 1899 1859 1964 [tem,

1110 1989 1227 2039 ssd-nares
1242 2000 1340 2052 gravem
1353 1985 1528 2048 Troianorum,
1543 1985 1620 2048 sisu,
1640 1985 1781 2037 sustinuisti
1798 2001 1859 2038 mar·

1078 2074 1860 2142 oequetesexorumsubrooritstrepitus,oonoubesiaenlorum.

1109 2180 1158 2216 noo
1167 2165 1230 2230 ignis
1239 2202 1246 2226 ,
1256 2179 1305 2215 non
1315 2163 1457 2224 nesteron,
1473 2177 1522 2214 non
1532 2163 1667 2228 studiorum
1682 2165 1780 2228 fragor:

1079 2255 1123 2306 sed
1132 2256 1166 2306 ite
1174 2253 1362 2320 prominensque
1374 2255 1400 2304 et
1409 2251 1503 2310 firmus.
1514 2255 1542 2303 rt
1556 2253 1671 2316 scopulus
1681 2253 1779 2316 aliquis,

1110 2346 1191 2404 stans,
1202 2340 1341 2392 sustinuisti
1350 2339 1481 2404 procellam
1495 2339 1612 2396 hmtiusn.

1078 2431 1102 2480 Si
1116 2442 1175 2479 vero
1187 2431 1213 2479 te
1225 2441 1273 2478 noo
1286 2426 1361 2476 ermis
1370 2426 1470 2476 Achillis
1484 2426 1602 2478 instruxit
1618 2427 1722 2488 Grecis,

1109 2518 1210 2582 dignum
1220 2529 1265 2580 pro
1276 2515 1368 2566 rirtme
1384 2527 1452 2564 arma
1465 2513 1576 2578 praebens
1588 2515 1728 2579 premium,

1078 2608 1211 2657 Parcarum
1221 2603 1328 2654 consiliis
1344 2602 1370 2654 id
1377 2603 1502 2668 ροωειίῐ,
1516 2605 1546 2654 ut
1555 2603 1587 2654 ab
1601 2603 1709 2654 hostium

1108 2693 1189 2754 nullo,
1201 2691 1245 2743 sed
1255 2695 1282 2742 tu
1296 2694 1341 2743 tua
1355 2691 1432 2742 letum
1446 2704 1546 2756 cuperes
1555 2693 1643 2756 palma.

1358 2827 1409 2874 tls.
1435 2832 1595 2874 auorum-

1077 2953 1264 3004 Monumentum
1271 2950 1320 3003 hoc
1328 2951 1558 3017 Ajacislslamouii,
1566 2963 1640 3015 quem
1650 2949 1862 3014 interledtParea,

1109 3042 1187 3106 ipsius
1197 3054 1243 3091 usa
1253 3043 1279 3092 et
1292 3041 1401 3091 manuel
1413 3039 1502 3105 gladio.

1076 3133 1162 3194 Neque
1173 3129 1271 3181 enimin
1282 3128 1428 3180 mortalibus
1442 3127 1537 3192 potuit,
1551 3127 1610 3179 lioet
1624 3126 1746 3192 cupierit,

1106 3218 1214 3268 invenire
1228 3215 1383 3268 clotholauic
1396 3215 1501 3267 alterum
1513 3228 1691 3280 percussorem.

1257 3351 1308 3398 tls.
1327 3347 1455 3396 LEONTll
1472 3346 1680 3396 scuoass‘rrel.

1074 3480 1144 3529 tacet
1153 3477 1179 3527 in
1188 3478 1259 3541 Troje
1268 3477 1440 3538 Telamonius,
1457 3476 1501 3527 sed
1514 3477 1573 3527 nulli
1588 3480 1671 3528 tamen

1102 3565 1212 3616 hostium
1225 3563 1430 3628 tergituslaudem
1442 3578 1495 3615 suae
1506 3565 1591 3616 mortis
1605 3585 1613 3616 s

1076 3727 1127 3774 Nec
1141 3723 1185 3772 tibi
1199 3722 1247 3772 tela
1258 3722 1330 3783 inter,
1339 3724 1473 3789 gladiique,
1487 3723 1607 3791 lauteque
1620 3732 1748 3786 sonantes,

1109 3807 1263 3871 Flammaque
1277 3823 1333 3856 cum
1347 3807 1453 3872 lepidum
1464 3807 1529 3857 nube
1543 3809 1629 3858 dedere
1643 3816 1744 3860 metum.

1076 3890 1159 3941 Stabes
1169 3891 1292 3957 oppositus
1302 3889 1364 3940 bello
1379 3892 1445 3940 velut
1457 3891 1530 3940 ardua
1543 3907 1628 3958 rupes,

1109 3980 1185 4041 loque
1197 3984 1263 4024 tuum
1279 3975 1343 4025 venit
1357 3985 1423 4025 tanta
1438 3975 1542 4042 procelle
1554 3986 1632 4043 eaput.

1075 4059 1178 4108 liaurias
1191 4058 1247 4108 etsi
1260 4058 1304 4108 tibi
1317 4075 1365 4108 non
1378 4059 1467 4125 aptarit
1482 4057 1583 4109 Achillis

1107 4140 1213 4202 Grecis,
1227 4155 1271 4188 neo
1285 4141 1377 4190 meritis
1388 4140 1492 4191 reddidit
1504 4157 1570 4192 arma
1582 4142 1637 4207 tuis,

1074 4225 1187 4270 Errorern
1201 4221 1266 4270 dedit
1279 4221 1343 4272 hunc
1357 4221 1444 4283 iatum,
1455 4239 1485 4272 ne
1497 4221 1557 4272 iorte
1569 4223 1622 4290 quis
1634 4223 1709 4275 laostis

1106 4303 1213 4355 alternet
1224 4305 1309 4362 finem,
1322 4306 1362 4354 sed
1374 4314 1414 4356 tua
1423 4306 1506 4356 dextra
1516 4307 1568 4356 tibi.

1375 4408 1429 4463 res.
1447 4423 1561 4466 ramam,

1403 4506 1432 4555 dc
1444 4507 1536 4558 eodem.

1072 4602 1118 4654 llic
1127 4605 1187 4670 Ajaa
1196 4605 1255 4654 situs
1268 4614 1303 4655 est
1312 4606 1465 4656 Telamonius
1480 4622 1486 4657 :
1501 4606 1573 4674 ipsius
1583 4623 1638 4657 ense

1105 4691 1153 4738 Usa
1164 4703 1284 4755 manuque
1296 4691 1347 4740 viro
1362 4689 1409 4740 ieta
1423 4691 1510 4740 dedere
1525 4691 1596 4741 mori.

1072 4772 1255 4823 Interfectorem
1267 4773 1355 4826 Clotho
1367 4791 1421 4825 cum
1433 4785 1552 4841 quereret
1565 4777 1616 4838 illi,

1105 4853 1175 4904 Alter
1185 4853 1215 4905 ab
1225 4853 1271 4906 hoc
1281 4854 1405 4907 hominum
1417 4873 1488 4908 nemo
1501 4866 1610 4924 repertus
1625 4867 1687 4909 erat.

1301 4964 1357 5022 ¹⁴9·
1376 4974 1478 5008 ιιοιιτιε
1495 4975 1611 5009 οιετοκιι

1394 5054 1424 5107 de
1438 5057 1528 5110 eodem.

1069 5149 1158 5200 Condit
1173 5151 1259 5203 liumus
1272 5155 1403 5207 Telamone
1417 5167 1493 5207 satum
1507 5160 1610 5226 Trojano
1620 5196 1627 5224 ,
1637 5175 1683 5212 nee
1695 5159 1759 5212 nosti

1104 5233 1148 5281 ius
1163 5233 1280 5284 tamenin
1294 5245 1385 5286 tentam
1398 5236 1444 5288 ieta
1458 5238 1545 5289 dedere
1559 5257 1652 5292 nemun.
