3940 5952
601 429 724 490 CAPUT
743 429 779 489 V.
803 424 1080 490 EPIGRAMMATA
1103 425 1313 488 AMArottili.

405 555 473 618 ati.
495 560 675 621 ΑΓΑΘΙΟΥ.

372 698 412 751 Εἰς
425 695 540 757 Ἀριάδνην
554 698 720 763 κεθαριστρίδα.

155 815 193 877 Ei
202 839 266 876 ποτε
278 817 325 894 μέν
338 819 447 898 κιθάρης
460 819 615 900 ἐπαφήσατο
623 823 756 902 πλῆκτρον
772 824 865 884 ἑλοῦσαι

196 905 295 983 κούρη,
314 908 485 988 Τιρψιχόρης
501 909 652 987 ἀντεμέλιζι
663 909 756 985 μέσοις·

156 993 183 1053 ei
190 1017 253 1053 ποτε
264 994 291 1053 δὲ
301 999 419 1075 τραγικῷ
435 995 574 1076 ῥοιζήματι
586 995 682 1076 ῥήξατο
693 997 790 1079 φωνήν,

196 1087 276 1151 αὐτῆς
294 1082 470 1158 Μελπομένης
482 1083 581 1163 βόμόον
594 1084 776 1145 ἀποπλάσαιτο·

156 1173 180 1229 εἰ
195 1171 223 1230 δέ
233 1171 278 1230 καὶ
290 1168 401 1252 ἀγλαΐης
417 1171 502 1253 κρίσις
515 1170 624 1246 ἵστατο,
636 1175 736 1250 μᾶλλον
750 1173 782 1232 δν
795 1170 861 1243 οιθτλ

198 1257 300 1339 Κύπρις
310 1257 417 1332 ἐνικήθη
426 1307 434 1330 ,
445 1259 605 1330 κάνεδίκαζε,
612 1259 707 1342 Πάρις.

156 1347 228 1426 Σιφῇ
242 1349 283 1426 ἐφ’
294 1345 465 1423 ήμεέων,ἴνα
478 1349 515 1424 μὴ
530 1348 653 1416 Διόνυσος
666 1347 779 1417 άκοάσας

197 1437 250 1492 τῶν
259 1435 423 1514 {teneantur
436 1438 514 1506 ζῆλον
532 1436 589 1516 ἔχοι
602 1436 712 1516 λεχέων.

370 1585 440 1638 223.
462 1579 725 1639 ΜΑΚΗΔΟΝΙΟΥ.

155 1715 305 1797 Φωσφόρε,
316 1715 353 1795 μή
364 1715 409 1776 τὸν
419 1713 529 1799 Ἔρωτα
539 1718 646 1878 greitan,
662 1717 729 1796 μηδὲ
745 1717 882 1793 διδάσκου,

194 1800 267 1886 Ἄρεϊ
284 1805 528 1882 γειεσνέων,νηλεές
558 1829 603 1887 τορ
617 1804 697 1885 έχειν·

153 1895 189 1959 ὥς
205 1893 232 1952 δέ
248 1893 341 1974 πάρος,
352 1896 514 1972 Κλυμένηςό
531 1893 581 1952 όων
597 1895 737 1955 Φαέθοντα
752 1894 885 1976 μελάθρῳ,

196 1984 227 2040 οὐ
239 1982 335 2061 δρόμον
347 1983 485 2056 όικυπόδην
497 1919 566 2063 eigs<
575 1985 617 2042 ἐπ’
629 1983 764 2056 άντολέης,

156 2068 286 2148 circipani
301 2069 465 2148 espiniaco,
481 2071 557 2150 μόγις
574 2071 693 2132 ποθέσντι
705 2076 840 2152 φανεῖσαν,

200 2157 278 2238 ἔρχεο
292 2158 456 2232 δηθάνων,όις
466 2158 540 2240 παρὰ
557 2158 724 2239 Κιμμερίοις.

416 2305 477 2356 224.
497 2307 557 2353 ΤΟΥ
573 2307 681 2354 ΑΥΤΟΥ.

156 2430 243 2502 Λῆξον
257 2431 344 2514 Ἐροις
355 2433 465 2513 κραδίης
477 2435 565 2494 τεκαὶ
577 2433 687 2506 ἥπατος·
699 2436 721 2493 al
736 2435 759 2491 δ’
779 2433 913 2510 ἐπιθυμεῖς

196 2521 320 2599 βάλλειν,
335 2521 401 2581 ἄλλο
414 2522 441 2582 τί
456 2545 507 2600 μου
525 2527 577 2582 τῶν
596 2521 695 2599 μελέων
711 2519 824 2600 μετάόα.

418 2673 480 2724 225.
500 2676 559 2722 ΤΟΥ
576 2674 683 2723 ΑΥΤΟΥ.

155 2799 252 2867 Ἕλκος
264 2800 322 2882 ἔχω
335 2803 379 2862 τὸν
394 2802 490 2882 ἔρωτα·
503 2803 555 2882 ῥέει
570 2800 598 2860 δέ
610 2825 655 2880 μοι
666 2800 753 2868 ἕλκεος
768 2797 847 2880 ἰχὼρ,

196 2889 317 2966 δάκρυον,
333 2891 445 2962 ὠτειλῆς
455 2889 549 2950 οὔποτε
562 2889 728 2971 τερσομένης.

157 2978 223 3055 Εἰμὶ
234 2975 285 3054 γάρ
296 2983 327 3039 ἐκ
339 2979 485 3050 κακότητος
497 2979 650 3060 ἀμήχανος,
663 2977 723 3037 otti
736 2977 856 3056 Μαχάων

197 3067 263 3136 ἤπιά
284 3089 330 3144 μοι
341 3067 441 3127 πάσσει
452 3068 579 3148 φάρμακα
591 3066 736 3147 δεοομένῳ.

155 3153 278 3234 Τήλεφός
288 3159 358 3234 εἰμι,
371 3156 456 3235 κόρη,
467 3154 498 3215 σὺ
514 3155 542 3214 δέ
552 3156 622 3233 γένεο
636 3152 726 3220 πιστὸς
742 3147 902 3232 ἰλχιλλεύε·4

199 3243 291 3302 κάλλεϊ
306 3247 342 3324 σῷ
356 3249 458 3303 παῦσον
469 3243 512 3304 τόν
530 3244 622 3319 πόθον,
641 3246 677 3310 ὡς
688 3241 792 3307 taetre.

277 3394 347 3445 226.
365 3386 523 3446 [litlot
547 3382 835 3445 ΣΙΛΕΝΤΙΑΡῙΟΥ.

163 3523 324 3606 Ορθαλμοθ,
340 3524 385 3583 τέο
400 3524 491 3605 μέχρις
507 3527 637 3609 ἀφόσσετε
650 3528 746 3602 νέκταρ
760 3521 896 3606 Ἐρώτων,

196 3614 307 3680 κάλλεος
318 3612 434 3691 ἀκρήτου
450 3616 597 3694 ζωροπόται
612 3618 734 3695 θρασέεςς

1260 581 1313 625 222.
1327 577 1484 629 AGATlilAE.

1209 708 1236 749 lu
1249 705 1360 750 Ariadnen
1375 707 1540 772 citharistrlar'rr.

983 824 1007 874 Si
1018 825 1115 888 quondo
1125 824 1224 877 cithara
1232 826 1353 891 plectrum
1364 832 1490 894 sumptum
1498 831 1578 897 tetigit

1014 914 1109 977 puella,
1120 914 1292 980 Terpsichores
1305 918 1550 982 cantu-respondebat
1558 920 1657 974 ebordis

983 999 1005 1050 si
1016 1000 1113 1064 qnando
1124 1006 1207 1054 autem
1217 1003 1309 1069 tragico
1318 1005 1421 1070 strepitu
1435 1007 1503 1072 rupit
1513 1023 1608 1076 rocem,

1014 1089 1090 1152 ipsius
1104 1091 1267 1155 Melpomenes
1278 1091 1395 1144 bombum
1404 1094 1534 1158 expressit3
1611 1095 1675 1164 [ipsa
1690 1101 1763 1152 σῆειιι

984 1179 1009 1228 et
1018 1177 1039 1227 si
1050 1177 1124 1229 etiam
1142 1177 1174 1230 de
1186 1181 1315 1232 venustate
1324 1181 1447 1245 indicium
1456 1183 1656 1249 constitueretur,
1678 1190 1762 1252 potius

1015 1265 1101 1330 cypris
1111 1266 1251 1320 vinceretur
1262 1270 1288 1319 et
1300 1269 1365 1319 Paris
1374 1270 1742 1336 reformaret-iudicium-snum.

984 1353 1066 1404 Tacite
1078 1352 1142 1406 inter
1154 1367 1200 1407 nos
1211 1351 1266 1408 tm
1279 1354 1414 1418 dicamus,
1424 1371 1474 1421 quo
1483 1372 1514 1410 ne
1522 1360 1635 1413 Bacebm
1646 1364 1748 1416 audiena

1015 1441 1127 1493 ariadnei
1137 1443 1213 1507 butus
1222 1443 1367 1507 meppiam
1378 1446 1497 1511 concipiat
1504 1447 1569 1500 lecti.

1198 1647 1201 1656 .
1243 1589 1296 1634 22³.
1314 1586 1497 1637 uacsnonn.

984 1712 1087 1774 Lucifer,
1099 1725 1129 1764 ne
1139 1715 1220 1764 Amori
1228 1715 1356 1780 vim-atler,
1369 1731 1417 1768 neu
1430 1719 1505 1780 disce,

1015 1801 1087 1850 Marti
1097 1801 1201 1865 uulnus,
1216 1803 1388 1856 immisericors
1399 1804 1490 1857 habere
1503 1821 1553 1870 cor,

984 1886 1028 1937 sed
1039 1888 1103 1938 sicut
1116 1889 1219 1952 pridem,
1228 1891 1357 1953 Clymenes
1368 1893 1393 1942 in
1401 1892 1473 1944 domo
1482 1894 1568 1946 ridens
1578 1897 1764 1963 Phaethontem,

1015 1989 1114 2026 cursum
1124 1989 1172 2027 non
1182 1975 1289 2029 habebas
1298 1980 1456 2044 celeripedem
1464 1996 1551 2034 verane
1560 1987 1655 2049 urhun,

984 2062 1019 2112 sic
1031 2061 1090 2112 mihi
1106 2061 1169 2113 circa
1180 2066 1285 2126 noctem,
1299 2078 1355 2128 que
1369 2066 1477 2131 cupienti
1490 2069 1532 2119 vix
1544 2072 1666 2134 apparuit,

1015 2148 1070 2198 rent
1081 2149 1315 2214 cum-longanum,
1332 2153 1397 2203 sicut
1405 2154 1472 2218 apud
1484 2157 1636 2210 Cimmerios.

1261 2303 1314 2350 224.
1337 2312 1492 2356 EIUSDEM.

985 2440 1073 2500 Cesso,
1086 2444 1168 2500 amor,
1179 2453 1193 2489 a
1206 2439 1279 2490 corde
1289 2441 1314 2490 et
1323 2441 1405 2504 jecore
1416 2441 1536 2504 feriendo
1543 2461 1553 2510 ,·
1567 2446 1604 2496 siu
1618 2447 1689 2512 cupis

1016 2527 1102 2588 ferire,
1117 2527 1142 2577 in
1151 2527 1339 2578 aliudmeorum
1353 2529 1517 2580 membrorum
1529 2533 1613 2584 hausi.

1260 2674 1313 2718 2²5.
1338 2678 1485 2722 EIUSDEM·

986 2806 1061 2857 L'lcns
1071 2806 1149 2858 habeo
1160 2821 1283 2868 amorem,
1295 2809 1400 2874 linitque
1412 2811 1472 2861 milri
1482 2812 1570 2864 ulceris
1580 2826 1672 2878 serum,

1015 2894 1122 2957 lacrima,
1134 2897 1235 2946 vulnere
1248 2911 1415 2961 non-uuquam
1427 2899 1525 2950 siccato.

984 2985 1044 3031 Sum
1065 2985 1128 3037 enim
1139 2997 1170 3033 ex
1182 2997 1211 3034 eo
1225 2984 1289 3036 molo
1301 2985 1458 3048 egerrimus,
1469 3002 1514 3038 nec
1526 2989 1644 3042 Machaon

1015 3070 1078 3121 lenia
1087 3071 1147 3120 mihi
1155 3071 1271 3136 inspergit
1284 3072 1459 3125 medicamenta
1475 3075 1589 3139 indigenti
1601 3081 1640 3128 its.

984 3157 1106 3222 Telephus
1118 3171 1183 3220 anm,
1194 3159 1272 3224 virgo,
1284 3161 1313 3210 tu
1326 3163 1410 3210 antem
1423 3160 1469 3212 iias
1481 3162 1546 3214 lidus
1560 3164 1665 3217 Achilles
1679 3187 1686 3218 ι

1016 3247 1144 3296 venustate
1155 3248 1199 3296 tna
1212 3245 1271 3297 seda
1282 3245 1445 3310 desiderium,
1461 3253 1490 3301 ut
1505 3251 1609 3315 injecisti

1186 3409 1239 3454 226.
1260 3406 1350 3456 vadat
1368 3409 1562 3460 stnsxrtatttl.

985 3540 1066 3601 Oculi,
1080 3554 1212 3606 quousque
1222 3543 1327 3595 hauritis
1336 3548 1421 3598 nectar
1431 3553 1568 3613 Amorum,

1016 3641 1090 3678 mere
1100 3628 1288 3692 pulchritudinis
1298 3635 1424 3695 potatores
1433 3634 1558 3687 audaces?

160 3759 1762 3804 -----.--..-.-.-..-,-,,

382 3852 440 3884 οοο.
465 3853 577 3885 acaunus
592 3854 721 3905 onerosis,

411 3978 441 4028 de
455 3981 565 4042 Ariadne
574 3981 689 4049 fidicina.

154 4107 229 4172 Virgo
240 4109 311 4158 fidem
326 4110 420 4174 quoties
432 4108 523 4174 plectro
535 4112 651 4176 percussit
663 4113 763 4173 eburno,

188 4192 353 4259 Terpsichore
364 4192 410 4242 atis
419 4193 503 4243 aemulu
515 4193 554 4243 iila
565 4206 654 4246 movet.

153 4281 185 4326 ln
199 4277 300 4340 tragicus
306 4275 390 4324 eadem
406 4291 487 4324 vocem
501 4275 520 4324 si
533 4277 609 4326 solvat
622 4276 713 4340 hiatus,

190 4361 245 4408 lion
261 4359 280 4407 it
292 4358 451 4424 Melpomene
466 4360 541 4424 major
552 4360 583 4408 ab
593 4376 634 4410 ore
645 4377 724 4414 sonus.

152 4443 226 4506 Quod
241 4443 260 4491 si
271 4442 301 4491 de
316 4441 393 4491 iorum
401 4441 491 4491 inerint
502 4443 644 4505 certamina,
657 4446 738 4495 uincet

191 4530 219 4575 lit
234 4528 362 4585 Venerem,
377 4524 450 4588 judex
460 4525 491 4574 sit
502 4524 558 4574 licet
571 4525 621 4591 ipse
632 4528 706 4577 Paris.

152 4609 203 4660 Sed
214 4607 313 4658 sambae
326 4605 386 4656 mihi
394 4606 490 4668 melius,
502 4622 533 4655 ne
541 4642 548 4665 ,
557 4607 576 4656 ai
586 4609 667 4658 audiat
680 4613 755 4672 Esau,

191 4693 296 4740 Rursum
308 4689 442 4738 Ariadneos
457 4697 554 4755 appetat
563 4689 613 4755 ipse
625 4699 699 4742 toros.

375 4827 433 4874 223.
447 4841 585 4875 ΙΛΕΙΒΟΜῙ
601 4843 722 4878 coliium.

155 4957 196 5010 Me
207 4954 238 5003 de
248 4953 327 5002 ricino
340 4951 384 5003 tibi
397 4953 426 5003 ait
439 4955 584 5004 truculentia
598 4959 686 5013 Marte,

192 5037 344 5104 Phosphoro,
358 5052 402 5086 neu
417 5037 487 5088 turba
499 5038 670 5089 duloiaamoris
679 5038 756 5105 opita:
865 5039 867 5044 ’

152 5122 205 5176 sed
216 5121 282 5171 velut
291 5123 368 5170 hum
380 5120 465 5171 venisti
476 5122 558 5172 tardus
566 5123 600 5172 ad
609 5139 678 5172 axem

193 5207 222 5254 ln
233 5203 359 5272 Clymenes
370 5201 476 5254 malama
488 5205 543 5256 Sole
552 5203 664 5256 trahente
676 5221 763 5270 moras,

983 3818 1020 3868 Sic
1029 3818 1088 3868 mihi
1098 3820 1137 3868 rix
1151 3821 1247 3870 tandem
1259 3831 1353 3888 sperata
1366 3835 1437 3874 nocte
1449 3828 1533 3892 potito,

1016 3904 1094 3962 Senis,
1108 3901 1237 3952 Cimmerio
1249 3905 1326 3970 qualia
1335 3903 1361 3955 iu
1370 3907 1441 3968 orbe,
1452 3906 1517 3959 ueni.

1277 4049 1334 4098 aaa.
1357 4057 1474 4092 rrusnsaa.

983 4148 1046 4194 Dum
1059 4146 1127 4210 jecur
1141 4145 1255 4196 intactum
1268 4147 1329 4196 mibi
1339 4165 1428 4214 corque
1444 4151 1536 4217 Cupido
1552 4154 1687 4223 relinquas,

1017 4230 1053 4275 De
1066 4227 1178 4276 membris
1190 4228 1242 4278 aliis
1255 4229 1315 4293 elige
1329 4231 1392 4296 quod
1407 4230 1486 4283 leriae.

1279 4366 1337 4415 225.
1357 4383 1475 4417 ruusuraa.

985 4471 1026 4518 Fst
1042 4468 1101 4518 mibi
1115 4471 1198 4520 suiuus
1210 4487 1278 4521 amor
1293 4490 1299 4517 :
1313 4474 1389 4524 sanies
1401 4474 1430 4525 de
1444 4477 1541 4529 vulnere
1553 4492 1632 4533 manat

1018 4557 1131 4620 lacryma
1148 4569 1153 4603 :
1168 4555 1251 4605 siccari
1261 4556 1329 4622 plaga
1344 4557 1463 4624 protunda
1475 4572 1554 4626 negat.

985 4637 1036 4685 Nee
1049 4636 1209 4686 revalesceudi
1220 4653 1272 4704 spes
1282 4649 1317 4688 est
1331 4656 1402 4706 suaper
1417 4657 1423 4690 :
1437 4641 1486 4709 ipse
1500 4645 1619 4697 Machaona

1018 4717 1074 4778 Nil,
1086 4719 1251 4769 viruatantum
1264 4736 1313 4787 quo
1326 4723 1468 4785 medicetur,
1482 4724 1563 4779 hebet.

984 4800 1105 4868 Telephus
1116 4817 1146 4852 eu
1156 4801 1200 4852 tibi
1208 4819 1261 4853 anm
1274 4819 1280 4854 ι
1294 4815 1392 4880 meatu,
1408 4806 1468 4857 mihi
1479 4816 1504 4860 te
1514 4809 1550 4862 iae
1563 4813 1697 4878 Achillem

1019 4885 1048 4932 lit
1061 4883 1261 4948 dammamseda,
1275 4902 1346 4953 quam
1360 4895 1400 4938 tua
1415 4889 1490 4940 torma
1504 4891 1569 4944 iacit.

1210 5028 1267 5077 226.
1285 5043 1359 5076 nauus
1376 5046 1535 5080 σοιιιιτιιιιιι.

985 5131 1044 5195 Quia
1055 5132 1139 5182 nsodua
1153 5143 1194 5184 aut
1205 5134 1268 5198 sanis,
1281 5137 1362 5189 bibitis
1376 5141 1440 5206 quod
1448 5150 1531 5191 nectar
1540 5157 1648 5194 amorum

1019 5213 1090 5264 Ebria
1097 5215 1127 5265 de
1138 5215 1219 5268 torma
1226 5219 1316 5270 lumina
1328 5221 1387 5272 ilore
1396 5227 1482 5274 merci

1638 5321 1659 5364 1.
