3914 5948
556 437 683 500 entur
700 439 763 500 Vll.
786 442 1066 504 EPIGRAMMATA
1090 445 1362 509 SEPULCRALIA.

1704 457 1761 516 tort

155 571 242 628 llt'o
261 567 309 643 μὲν
331 569 411 627 Υππον
432 569 502 648 ἔχων
517 571 562 629 καὶ
583 571 728 650 θαρσαλέον
750 572 837 641 σθένος
853 573 937 650 ἥθής,
983 583 1561 654 sedhicquidemequumhabeusetimporldum
1569 592 1764 655 roburJurento‘,

194 657 304 725 Γέσσιος
317 657 376 716 οὐδὲ
390 657 478 738 χέσειν
491 658 594 718 εὔτονον
607 651 672 742 ἦτορ
687 661 765 742 ἔχων.

412 815 475 865 684.
493 817 554 862 ΤΟΥ
571 817 677 866 ΑΥΤΟΥ.

153 939 254 1012 Μηδεὶς
269 941 369 1019 ζητήσῃ
383 940 505 1019 μερόπων
517 943 581 1001 ποτὲ
597 943 641 1002 καὶ
657 944 711 1011 θεὸς
724 935 805 1024 εἶναι,

187 1029 256 1102 ,μηδ’
270 1027 354 1108 ἀρχὴν
370 1027 504 1105 μεγάλην,
518 1030 619 1106 κόμπον
635 1031 805 1112 ὑπερρέαλον.

151 1113 261 1181 Γέσσιος
276 1115 352 1182 αὐτὸς
366 1115 459 1184 ἔδειξε·
470 1118 620 1197 κατηνέχθη
635 1117 686 1198 γὰρ
695 1120 833 1200 ἐπαρθεὶς,

192 1207 288 1275 θνητῆς
298 1202 418 1283 εὐτυχίης
434 1207 527 1282 μηκέτ’
544 1207 732 1288 ἀνασχόμενος.

410 1358 473 1410 686.
490 1363 548 1408 ΤΟΥ
567 1363 673 1410 ΑΥΤΟΥ.

150 1489 246 1557 Ζητῶν
259 1485 357 1566 ἐξεῦρες
370 1485 457 1565 βιότου
471 1485 543 1553 τέλος
556 1488 676 1567 εὐτυχίης
690 1511 734 1560 τε,

191 1572 276 1654 ἀρχὴν
291 1575 406 1646 ζητήσας
417 1573 483 1654 πρὸς
497 1575 570 1642 τέλος
586 1577 741 1656 ἐρχομένην.

148 1663 221 1722 Ἀλλ’
238 1662 328 1742 ἔτυχες
340 1666 432 1739 τιμῆς,
448 1652 592 1736 desidere,
603 1664 649 1724 καὶ
662 1662 728 1739 peel
740 1673 833 1745 μοῖραν

189 1747 310 1826 etpost«
320 1754 367 1822 τῆς
376 1753 460 1830 ἀρχῆς
469 1748 569 1809 θστατα
584 1748 730 1827 δεξόμενος.

415 1907 478 1960 686.
492 1909 551 1955 ΤΟΥ
573 1909 680 1957 ΑΥΤΟΥ.

148 2037 261 2096 Ιέὀσιον
275 2039 309 2102 ὡς
324 2033 428 2108 ἐνόησεν
443 2038 457 2093 θ
469 2035 606 2102 Βούπαλος
620 2034 679 2112 ἄρτι
694 2035 803 2094 θανόντα

187 2123 340 2204 χωλεύοντα
354 2123 448 2199 πλέον,
461 2127 528 2183 τοῖον
540 2123 625 2192 έλεξεν
638 2122 711 2188 ἔπος·

145 2241 156 2266 ε
181 2213 293 2284 Γέσσιε,
304 2216 377 2287 πῶς,
392 2213 418 2271 τί
430 2213 521 2270 παθὼν
542 2211 656 2284 κατέόης
672 2210 750 2287 δόμον
760 2209 844 2278 Ἄϊδος
856 2211 918 2270 εἴσω

187 2329 201 2355 ι
223 2302 335 2379 γυμνὸς,
349 2301 504 2373 ἀκήδεστος,
513 2299 633 2379 σχήματι
642 2299 831 2380 καινοτόρῳςν

143 2389 200 2449 Τὸν
214 2389 241 2446 δὲ
256 2389 314 2464 μέγ’
329 2389 444 2466 ὀχθήσας
457 2388 573 2469 προσέφη
588 2390 632 2447 καὶ
650 2387 757 2454 Γέσσιος
769 2387 857 2455 εὐθύς·

187 2505 201 2528 ει
225 2477 364 2550 Βαθκαλε,
377 2477 406 2535 τὸ
420 2481 529 2558 στρῆνος
541 2477 586 2534 καὶ
599 2477 708 2534 θάνατον
720 2475 832 2554 παρέχει
846 2502 869 2535 ν.

405 2632 467 2682 687.
490 2634 550 2680 ΤΟΥ
568 2634 673 2680 ΑΥΤΟΥ.

141 2761 203 2832 Τὴν
219 2759 407 2836 Ἀμμωνιακὴν
421 2757 525 2832 ιἰπότην
538 2758 580 2818 ὅτε
592 2758 700 2823 Γέσσιος
714 2759 780 2834 ἔγνω

183 2854 231 2907 τοῦ
248 2846 348 2916 ξενικοῦ
359 2845 471 2906 θανᾶτου
488 2847 594 2927 ἐγγύθεν
605 2845 761 2926 ἐρχόμενος,

141 2935 193 3005 την
209 2933 277 2994 ἰδέαν
293 2935 399 3011 γνώμην
410 2933 613 3016 κατεμέμψατο,
628 2934 673 2993 καλ
686 2934 716 2994 τὸ
726 2932 849 3010 μόθημα,

184 3023 232 3080 καὶ
247 3021 305 3087 τοθς
316 3021 482 3098 πειθομένους
498 3021 666 3100 ἀστρολόγοις
682 3023 793 3098 ἀλόγοις.

402 3175 465 3226 688.
485 3178 545 3223 ΤΟΥ
564 3177 669 3222 ΑΥΤΟΥ.

142 3299 177 3364 Ol
197 3299 242 3359 δύο
255 3299 412 3378 Κόλχαντες
427 3299 470 3357 τόν
485 3299 594 3358 Γέσσιον
608 3297 709 3358 ὤλεσαν
720 3297 819 3377 ὅρκοις,

181 3391 237 3446 τῶν
252 3387 374 3465 μεγάλων
385 3387 491 3445 ὑπάτων
509 3391 591 3446 θῶκον
605 3386 790 3467 ὑποσχόμενοι.

142 3465 180 3538 Ὦ
197 3477 271 3555 γένος
286 3474 430 3556 ἀνθρώπων
445 3475 605 3552 ἀνεμώλιον,
617 3475 808 3556 αὐτοχόλωτον,

182 3565 250 3647 ἄχρι
260 3565 349 3631 τέλους
364 3564 450 3644 βιότου
465 3564 547 3643 μηδέν
561 3563 743 3642 ἐπιστάμενον.

655 3698 946 3707 ικ--ι--ιιω
956 3698 1019 3707 ..ω-

141 3785 179 3834 Sic
194 3793 219 3832 et
229 3783 333 3831 sidereas
343 3782 473 3832 studiosum
486 3781 576 3831 discere
586 3780 648 3845 leges

174 3874 277 3932 Pegasus
290 3865 355 3916 illisit
364 3864 550 3931 Bellerophonte
562 3866 622 3914 solo.

143 3951 188 4001 llle
203 3959 284 3998 tamen
296 3947 385 3997 fidebat
396 3962 473 4014 equo,
486 3945 602 4011 viridique
610 3946 710 4011 juventa
724 3961 731 3995 ι

173 4037 213 4083 Τυ
225 4047 271 4080 nec
287 4032 317 4080 ad
326 4040 431 4095 egestum
443 4039 493 4092 sat,
506 4039 577 4096 puto,
586 4030 664 4080 cordis
678 4028 761 4079 babes.

438 4172 496 4228 ott.
516 4187 632 4226 ravenna,

460 4287 489 4337 de
506 4286 597 4338 eodem.

142 4429 220 4477 Nemo
234 4435 305 4475 natus
317 4423 390 4476 homo
402 4423 501 4492 psthac
516 4425 573 4473 deus
587 4439 636 4473 esse
648 4425 767 4490 cupisset,

174 4513 272 4560 Summa
284 4525 330 4559 uec
341 4508 370 4557 ad
382 4523 462 4558 rerum
475 4507 579 4557 culmina
594 4524 667 4556 tanus
677 4507 737 4558 hiet.

141 4594 237 4644 Gessius
249 4592 361 4659 exemplo
372 4600 415 4656 ert,
426 4592 529 4657 graviter
542 4592 582 4656 qui
596 4590 673 4657 lapsus
685 4591 715 4641 ab
728 4592 776 4640 alto

176 4681 282 4728 Fortuna
295 4676 384 4727 retinet
393 4677 422 4725 de
434 4675 534 4725 meliore
548 4673 618 4724 nihil.

441 4815 499 4864 666.
514 4829 628 4872 usserat,

468 4929 499 4980 de
514 4929 604 4981 eodem.

141 5065 199 5114 Plus
208 5065 277 5115 solito
287 5063 385 5114 claudus
398 5081 453 5116 curu
467 5067 562 5141 Gessius
574 5065 652 5130 attigit
662 5069 768 5128 Orcum,

176 5147 244 5198 vidit
256 5156 281 5197 et
292 5145 338 5196 hos
350 5145 412 5197 ludit
421 5148 538 5200 ΒσσοαΙυι
549 5163 591 5198 ore
604 5163 674 5198 tonos
687 5163 694 5199 ι

144 5229 218 5280 Unde
229 5229 293 5298 quod
305 5245 330 5281 es
341 5231 436 5296 nudus,
451 5231 536 5283 Geni?
548 5247 592 5282 cur
605 5229 682 5281 forma
693 5228 814 5298 sepulchri

1013 673 1115 724 (lessius
1135 688 1165 725 ne
1179 674 1212 726 ad
1227 675 1359 726 cacarrdurn
1376 678 1477 741 quidem
1488 694 1594 744 gnavum
1608 696 1651 732 cor
1663 681 1762 760 halsens.

1253 817 1307 866 ost.
1331 827 1483 872 musurtrr.

980 952 1016 1002 lle
1028 952 1086 1029 quis
1101 958 1195 1017 quaerat
1205 953 1333 1008 hominum
1343 972 1452 1022 uuquam
1462 961 1487 1010 el
1498 958 1560 1010 deus
1571 973 1637 1021 esse,

1011 1053 1090 1104 nupue
1104 1046 1252 1106 potestatem
1266 1059 1391 1111 magnam,
1402 1047 1559 1110 jactationem
1576 1048 1714 1113 superbam.

981 1128 1139 1194 Gessiuslpse
1151 1132 1359 1184 documento-luit
1373 1149 1378 1176 ε
1390 1135 1552 1199 dejectus-est
1563 1136 1698 1187 enirnanle
1709 1138 1758 1187 elu-

1010 1219 1138 1290 mortalem
1150 1219 1289 1271 felicitatem
1299 1225 1350 1286 jam
1364 1237 1411 1273 nou
1427 1225 1516 1274 serens.
1696 1224 1762 1289 [tus.

1259 1361 1313 1406 685.
1336 1366 1482 1408 EIUSDEM.

979 1492 1098 1548 Quaerens
1110 1491 1223 1542 invenisti
1234 1491 1291 1542 vitm
1302 1493 1375 1544 linem
1388 1495 1571 1559 felicitatisque,
1644 1497 1748 1560 [dentem
1803 1523 1805 1526 -

1010 1581 1156 1643 potestatem
1171 1584 1386 1648 quurnouoerclias
1405 1585 1435 1634 nd
1449 1585 1522 1635 linem
1536 1587 1693 1648 (santorum)
1710 1591 1751 1638 teu

979 1667 1027 1718 Sed
1041 1671 1170 1721 uectus-es
1184 1672 1316 1734 lrouorern,
1331 1687 1346 1722 o
1360 1673 1445 1734 Gemi,
1458 1673 1531 1723 etiam
1546 1677 1602 1738 post
1616 1676 1694 1725 latum

1010 1759 1139 1820 potestatis
1152 1759 1255 1824 insignia
1269 1765 1376 1812 erlrerua
1391 1761 1504 1825 adeptus.

1255 1911 1309 1956 686.
1332 1917 1479 1958 illustrent.

978 2040 1093 2092 Gessium
1107 2043 1134 2092 ut
1147 2042 1207 2094 sidit
1223 2045 1344 2095 Baucalus
1357 2059 1435 2108 nuper
1449 2049 1573 2096 mortuum

1009 2128 1186 2181 claudicantem
1200 2132 1290 2196 magis,
1304 2133 1378 2183 lolem
1389 2134 1451 2184 dixit
1465 2140 1572 2184 rocern':
1636 2135 1758 2199 [Plutonis

978 2218 1086 2277 messi,
1106 2218 1246 2282 quomodo,
1262 2220 1322 2282 quid
1339 2233 1429 2284 passus
1447 2220 1595 2272 descendisti
1614 2223 1640 2272 in
1658 2224 1757 2274 domum

1009 2325 1020 2348 ι
1035 2305 1132 2368 nudus,
1146 2307 1283 2372 neglectus,
1298 2306 1383 2358 habitu
1398 2309 1659 2373 dommodo-sepulti?
1672 2332 1683 2353 ιι

975 2395 1047 2443 Ηυιιο
1062 2397 1145 2445 aulem
1158 2395 1229 2446 raldo
1246 2395 1373 2458 indignans
1384 2396 1557 2448 allocutus-est
1576 2401 1600 2448 et
1614 2399 1716 2448 (lessius
1729 2398 1760 2448 il-

1009 2501 1021 2525 ι
1036 2483 1153 2543 sancus,
1168 2485 1245 2534 laetus
1259 2482 1332 2534 ctiam
1346 2485 1450 2534 mortem
1465 2484 1518 2535 dal.
1534 2505 1545 2528 ν
1675 2485 1757 2548 [lico2

1258 2630 1311 2678 687.
1335 2637 1485 2680 trusum.

976 2765 1156 2815 Ammon'raeam
1171 2766 1284 2816 fraudem
1298 2767 1339 2816 ulii
1353 2768 1453 2818 Gessius
1465 2767 1593 2832 cognorit,

1006 2853 1036 2904 ad
1046 2855 1140 2904 extorre
1151 2853 1227 2903 letum
1241 2866 1315 2916 prope
1330 2854 1462 2916 accedens,

974 2941 1095 3005 propriam
1107 2940 1251 2990 sententiam
1261 2941 1381 3003 culpavit,
1396 2943 1420 2990 et
1431 2941 1556 2991 seientiam
1567 2943 1647 3003 illam,

974 3091 978 3102 γ
1006 3030 1032 3079 et
1042 3041 1085 3079 eos
1093 3027 1225 3092 quissdunt
1235 3027 1362 3092 astrologis
1374 3029 1472 3078 insanis.

1253 3169 1307 3213 688.
1329 3177 1475 3217 frustrati.

974 3303 1027 3355 Bini
1043 3303 1188 3354 calchantes
1199 3303 1311 3352 Gessium
1324 3303 1482 3366 perdiderunt
1492 3303 1708 3368 junhusjurandts,

1006 3405 1149 3456 magnorum
1160 3390 1290 3440 consulum
1304 3391 1388 3442 sellam
1400 3391 1508 3455 polliciti.

974 3496 990 3531 o
1002 3494 1079 3546 genus
1092 3478 1219 3528 hominurn
1234 3492 1335 3542 vanum,
1351 3479 1699 3543 suan-m-seiran-nentum,

1006 3581 1084 3632 usque
1097 3567 1128 3618 ad
1145 3567 1218 3618 linem
1231 3568 1288 3618 ritu
1302 3568 1362 3618 nihil
1375 3569 1462 3620 sciens.

1500 3696 1751 3716 ·-—··--⁴··-

1008 3783 1068 3827 Tam
1080 3783 1160 3828 nova?
1170 3777 1283 3829 defuncto
1295 3779 1391 3829 curtilii
1406 3781 1482 3830 luctus
1497 3781 1580 3831 alrest?

976 3861 1167 3926 lodignabundru
1178 3864 1299 3928 respondit
1314 3865 1408 3925 Gessius
1418 3863 1452 3914 illi
1468 3881 1474 3914 ι

1010 3947 1092 4008 Fastns
1105 3952 1129 3993 et
1141 3943 1170 3991 ud
1180 3953 1296 4000 mortem,
1311 3946 1427 4006 missale,
1445 3946 1506 3995 lerre
1519 3946 1590 3996 solet.

1271 4079 1329 4139 687.
1347 4094 1463 4140 rrusnrrr,

1293 4205 1323 4256 de
1342 4205 1433 4257 eodem.

975 4344 1034 4392 Cum
1051 4357 1125 4408 prope
1133 4343 1182 4407 jam
1192 4349 1293 4391 mortem
1306 4342 1404 4392 sentiret
1414 4341 1507 4390 Gessius
1518 4343 1595 4404 exsul,

1008 4427 1089 4490 Atque
1102 4423 1269 4474 Ammoniacus
1283 4425 1308 4472 in
1320 4439 1361 4472 sna
1373 4424 1458 4472 damna
1473 4423 1540 4474 dolos
1554 4441 1560 4475 τ

975 4505 1104 4557 Consilium
1118 4514 1174 4555 tunc
1186 4505 1235 4571 ipse
1246 4521 1315 4554 suum
1328 4505 1448 4554 damnarit
1462 4515 1485 4554 et
1499 4515 1589 4567 artem,

1007 4591 1038 4638 Et
1051 4587 1136 4652 siquis
1152 4588 1217 4636 ranis
1233 4587 1342 4636 crederet
1356 4587 1495 4651 Astrologis.

1270 4725 1329 4775 688.
1347 4740 1464 4784 υυευσιι,

1293 4846 1324 4896 de
1345 4847 1434 4898 eodem,

956 4963 958 4968 Ι
973 4983 1053 5034 durati
1065 4983 1137 5034 lasces
1149 4971 1207 5034 duni
1219 4984 1385 5051 pollicitantur
1397 4994 1420 5036 et
1435 5003 1541 5047 aunum,

1008 5066 1160 5129 Calchantes,
1170 5067 1235 5116 Geni
1246 5103 1253 5128 ,
1265 5076 1288 5117 te
1302 5069 1349 5117 duo
1364 5068 1527 5134 perdiderunt.

973 5147 1038 5197 Οειυ
1049 5146 1174 5197 hominum
1187 5158 1256 5198 teoto
1269 5149 1421 5208 similis,silsi
1432 5150 1515 5208 noxia,
1529 5151 1585 5214 quid
1599 5150 1630 5198 sit

1012 5232 1091 5293 Utile,
1105 5247 1242 5297 supremum
1256 5231 1330 5281 nescit
1342 5231 1446 5297 adusque
1456 5232 1530 5282 diem.
