3914 5948
229 415 288 478 mo

227 551 320 609 nutat,
335 547 367 599 ὰε
382 549 507 610 naufrago.
523 544 583 597 cod.
599 545 682 607 κύρμα.
696 569 727 580 ·-
740 551 754 592 6
765 543 874 606 οῑχεοροι
888 541 960 601 (fode
974 543 1008 592 oi·

228 638 302 684 χημνι
317 620 394 680 Plan..
405 633 419 669 a
431 618 532 668 mainel.
549 618 673 679 receptum
678 631 687 675 ;
700 617 810 676 οἰχτῡμαι
822 614 902 677 uulgo.
916 612 1008 663 Deinde

227 692 288 742 cod.
305 693 401 750 ὕπεστι,
411 687 562 752 superposito
575 685 594 736 l.

259 829 403 878 ccaxxw.
414 828 513 876 Lemma
524 843 530 874 ι
544 826 575 880 εἰς
584 824 702 885 Taposiris
709 821 821 882 νανηγὸν.
829 821 967 882 Corinthii,
980 823 1008 870 ul

228 915 267 963 ap.
282 901 361 958 Grot.‚
371 895 451 946 codex
461 895 527 946 alibi.
537 893 714 957 cenotaphium
724 892 839 956 loquitur.
850 897 904 942 -1.
917 911 929 933 ι
942 894 1008 940 Voce
1030 882 1032 901 '

227 971 340 1033 κηρύσσω
362 968 448 1030 respici
462 966 560 1016 ridetur
579 964 611 1014 ad
626 963 830 1014 consuetudinem
848 962 945 1011 nomina
965 974 1008 1010 eo-
1031 968 1032 981 ¹

228 1057 282 1093 rum
295 1040 337 1104 qui
352 1039 498 1101 aufugerant
506 1050 549 1101 per
561 1048 699 1100 praeconem
711 1032 827 1084 edicendi.
842 1032 918 1083 Simul
926 1033 1009 1095 itaque
1030 1024 1032 1039 “

228 1125 316 1164 nomen
325 1109 435 1160 defuncti
449 1109 583 1172 proclamat
596 1107 690 1171 cippus,
704 1104 1009 1167 simulcircnmapectatau

228 1181 315 1234 alicubi
326 1178 439 1243 naufragi
454 1191 544 1242 corpus
553 1181 676 1242 appareat.
688 1198 700 1221 ιι
713 1179 812 1228 166-
826 1183 840 1227 2
853 1191 1009 1238 corumptum<

229 1250 390 1314 (careaco),
411 1249 566 1312 superposito
582 1267 606 1308 η,
624 1248 686 1299 cod.
699 1274 729 1286 -
742 1252 756 1298 t
771 1247 879 1312 caputio,
892 1257 1009 1310 superpo-

229 1325 276 1376 sito
287 1341 322 1383 ιν,
338 1321 526 1378 Comminatio
541 1319 608 1370 Plan.

260 1465 394 1514 CCLXXV.
404 1464 520 1512 Umbra:
531 1463 563 1516 εἰς
573 1461 757 1521 Ἀστυδάμαντα,
765 1461 817 1508 uidv
826 1458 928 1518 Δάμιδος
940 1475 1010 1516 sauu-
1032 1498 1033 1541 ,

228 1538 278 1600 γόν.
289 1536 354 1585 Plan.
364 1535 535 1592 Γαιτουλλιιιοῦ,
545 1532 584 1582 ed.
596 1533 670 1596 princ.
681 1531 811 1581 Γττουλίου.
821 1555 852 1568 -
864 1535 872 1578 l
886 1531 1009 1586 ἀτέλεστος
1031 1544 1033 1589 ξ

227 1610 296 1664 νάιος
305 1606 376 1666 cod,
390 1604 581 1669 superscriptum
590 1621 626 1664 γρ.
642 1602 757 1658 cimaco:
771 1615 845 1651 mann
862 1600 1008 1660 recentiore;

229 1683 244 1730 ὰ
258 1678 429 1735 πι).οττόννησος
442 1676 511 1726 Plan.
530 1678 556 1724 itt
573 1673 621 1724 stne
639 1679 711 1735 ιιρῆια
725 1672 785 1722 cod.
798 1698 825 1712 ι-
839 1679 863 1721 2.
882 1691 894 1713 ιι
907 1671 1008 1732 Μάλεον,

230 1749 350 1802 Maleum
374 1749 479 1809 jugum,
498 1743 643 1806 plerumque
667 1743 749 1792 linita
768 1744 811 1792 aut
833 1741 924 1791 litim
939 1741 1009 1803 aspa,

230 1820 271 1869 ubi
287 1816 396 1882 inprimis
416 1813 554 1878 periculosa
575 1811 711 1876 naamatiop
734 1825 759 1862 τ.
785 1811 873 1874 Odyss.
898 1813 924 1872 P,
946 1814 1008 1869 267;

229 1893 250 1951 l,
263 1896 305 1942 80.
323 1887 382 1938 lude
395 1884 552 1950 proverbium
567 1903 573 1932 ι
1031 1881 1033 1910 ¹

292 2020 386 2070 troiam
400 2019 424 2066 ab
434 2015 528 2078 κάμψας
541 2015 649 2063 insidias
659 2017 704 2060 τῶν
716 2012 803 2060 alauda.
1031 2011 1034 2068 i

229 2152 302 2198 scaea
327 2145 415 2197 Malata
429 2145 543 2206 eropon.
561 2143 607 2202 111,
623 2142 653 2192 cl.
674 2147 711 2200 19,
726 2147 749 2191 a.
767 2160 777 2182 ι
792 2143 848 2188 Juc.
865 2145 919 2190 -3
931 2142 1007 2190 auio·
1031 2166 1033 2174 ι

228 2220 276 2268 οἷον
291 2217 351 2268 cod.
367 2241 396 2254 -
411 2221 434 2265 5.
448 2213 518 2264 oonf.
531 2225 569 2276 ep.
584 2217 638 2270 273,
652 2221 676 2262 6.
691 2219 745 2260 -c
756 2212 836 2273 τρήττς
855 2209 915 2260 (lod.
929 2231 941 2254 ιι
957 2213 1010 2260 Hoc

229 2303 288 2338 cum
301 2287 414 2338 acumine
426 2285 514 2338 extulit
532 2283 667 2334 Gratulicus
683 2302 690 2330 ι
705 2285 756 2330 Non
767 2281 865 2340 mirum,
881 2281 951 2331 fallax
961 2295 1010 2330 mo
1031 2283 1033 2292 '

229 2361 373 2410 numentum
386 2354 492 2419 conspici
502 2353 567 2417 apud
577 2355 713 2411 Cretenses,
722 2351 763 2401 ubi
776 2351 853 2414 ipsius
865 2353 933 2402 toris
944 2365 1010 2402 mon·
1031 2361 1034 2411 ζ

229 2431 320 2480 stratur
335 2427 486 2490 sepulcrum.
499 2427 561 2474 Nota
575 2422 717 2474 Callimachi
730 2421 792 2476 Ιιιοο,
807 2423 862 2470 Jor.
881 2427 915 2471 a:
1032 2421 1033 2427 ’

292 2570 378 2628 Κρῆτες
387 2567 423 2614 ἀεὶ
435 2568 541 2627 ψεῦσται·
556 2565 596 2612 καὶ
610 2563 655 2624 γὰρ
664 2562 742 2621 τάφον,
754 2561 774 2610 ὦ
787 2561 846 2620 ἄνιι,
858 2565 907 2609 σεῖο

291 2640 378 2700 Κρῆτες
387 2637 551 2696 lucaniacum,
564 2633 594 2682 σὺ
607 2633 628 2682 δ’
641 2633 668 2682 οὺ
679 2632 749 2687 θάνες.

230 2775 320 2827 Εοὰετο
330 2772 441 2824 acumine
453 2772 568 2820 Lucanus
584 2768 650 2828 Vlll,
669 2769 712 2816 ait
729 2779 735 2808 ε

284 2901 355 2952 alque
365 2893 408 2938 erit
422 2893 530 2948 AEgypm
542 2888 629 2946 populo
638 2885 731 2930 fortusse
746 2885 857 2939 nepotum

209 2961 210 2966 ’
281 2963 334 3004 Tam
344 2955 439 3002 mandax
450 2954 522 3008 atagni
534 2951 621 2996 tuniolo
632 2959 700 3006 quam
709 2945 894 2991 crctrfonantla.
907 2959 915 2984 ι

233 3077 287 3124 fac.
303 3075 332 3122 ln
342 3071 403 3122 cod.
419 3068 590 3130 adscriptum:
608 3068 706 3127 ὡραῖον,
716 3064 742 3112 et
756 3060 780 3110 in
795 3072 881 3122 marg·
901 3060 951 3122 περὶ
964 3066 1010 3108 τῶν

230 3147 327 3210 liptinas
336 3143 468 3205 ὰοῦμτιστον
482 3141 489 3200 i
498 3139 533 3188 sic
540 3139 558 3199 i.

261 3278 403 3328 deamvi.
428 3277 528 3324 Lamina
543 3288 549 3314 τ
569 3273 600 3327 εἰς
614 3269 715 3332 ναυαγὸν
733 3269 759 3318 ὃν
775 3269 844 3324 ἁλιεῖς
862 3265 1010 3329 ὰξαγαγόυτις

229 3351 325 3412 itaqua.
342 3373 375 3386 -
389 3351 400 3396 l
417 3345 517 3404 σιγηντίς
530 3342 584 3406 [sic]
597 3340 657 3390 eod.
672 3366 701 3375 -
711 3346 724 3389 2
734 3338 893 3388 πολυνισύτου
902 3335 934 3386 de
946 3336 1008 3397 cotti.

229 3420 306 3471 edidit
318 3420 381 3476 lac„
391 3415 446 3466 coll.
458 3427 499 3477 ep.
517 3418 571 3462 tao.
590 3433 601 3454 ιι
612 3411 775 3460 liuticiorum-r
785 3409 910 3468 σνύ6αλου,
928 3405 1009 3456 tucri-

229 3495 279 3542 ινιτ
289 3490 407 3554 dippum,
420 3486 519 3535 minime
533 3486 585 3534 erat
596 3485 713 3544 ineptum.
727 3501 739 3524 ιι
749 3479 857 3530 Mataei.
868 3493 892 3543 p.
911 3483 964 3529 lto.
979 3505 1009 3514 —
1032 3529 1034 3551 4

229 3563 345 3623 ὁὰιχθον
371 3557 462 3616 sodex,
481 3556 505 3604 in
523 3569 572 3617 quo
589 3567 680 3602 norum
696 3551 737 3600 hic
751 3552 896 3614 epigramma
910 3549 1008 3612 incipit,
1032 3560 1034 3585 n

229 3630 408 3679 cumlernmate
426 3640 432 3667 τ
450 3627 543 3682 diulus,
554 3621 787 3682 ιίςναυηνὸν.ἓττρου.
797 3623 877 3678 'Oion
893 3619 1009 3670 nimirum

229 3697 400 3760 cumpiscibus
409 3695 505 3758 sepulta
514 3707 542 3742 aa
552 3691 658 3754 corporis
668 3693 813 3752 partequam
823 3689 1007 3740 devoraverant.

229 3772 255 3818 ln
267 3769 315 3817 ine
329 3766 389 3816 Cod.
405 3767 429 3814 bt
441 3766 531 3826 luipuc,
544 3775 609 3811 corr.
623 3759 761 3808 floruilliua.
778 3767 834 3808 —a
847 3765 894 3816 τοῖς
909 3759 969 3809 Cod.

259 3905 415 3957 cclxxvll.
435 3906 554 3954 Lemma·-
572 3901 603 3955 alc
622 3900 721 3960 νιινηγὸν
736 3898 835 3955 sescus
856 3897 902 3945 ὑπὸ
923 3895 1008 3945 ναύτου

229 3979 363 4042 Λεοντίχου.
374 4003 406 4012 -
420 3980 441 4025 1.
456 3994 468 4016 ιι
482 3971 617 4036 negebatur
628 3971 661 4026 τίς
676 3971 744 4031 ξένος,
759 3970 779 4018 ὦ
794 3970 893 4029 νοινηγὲ,
910 3966 938 4015 ld
951 3979 1006 4015 mu·

228 4048 330 4101 tandum
343 4048 405 4105 erat,
420 4047 444 4094 et
453 4042 555 4102 mutari,
565 4044 593 4091 ut
603 4039 738 4099 videbatur,
749 4035 899 4087 nonomnino
908 4036 980 4085 male.
995 4057 1007 4080 ν
1031 4086 1033 4095 ,

230 4122 260 4169 fi.
276 4117 324 4176 Qui
336 4113 434 4178 scripsit
448 4111 489 4164 Tui
506 4113 573 4169 ξένος.
593 4110 671 4160 Aliam
690 4108 884 4159 emendationem
900 4123 915 4159 a
928 4108 1006 4158 lloiss.

228 4186 388 4254 proiaiamad
404 4183 546 4236 callimach.
560 4194 584 4245 p.
605 4187 656 4240 faa,
673 4183 713 4237 'ilc
729 4184 804 4240 ξένος,
818 4181 838 4229 ὦ
857 4182 956 4242 sauppe,
975 4185 1007 4232 Α.

228 4261 253 4310 in
268 4261 351 4310 nostro
363 4255 472 4318 exemplo
485 4253 575 4316 reecpit
586 4251 693 4312 Jacobs,
708 4249 820 4300 addans:
837 4271 848 4292 ι
864 4251 934 4300 Conf.
951 4253 1008 4300 iler-

230 4343 312 4380 mann.
332 4331 368 4378 Dc
385 4324 482 4376 emend.
501 4327 547 4374 rat.
564 4336 665 4387 gruum.
682 4325 723 4371 Gr.
740 4337 763 4386 p.
779 4325 820 4372 til.
842 4321 921 4371 Possit
933 4323 1006 4371 etiam

230 4399 303 4450 scribi
316 4403 347 4454 ὡς
358 4400 427 4455 ξένος.
440 4417 451 4438 ιι
465 4395 513 4443 Sed
522 4394 578 4456 quis
588 4394 649 4443 ferat
662 4395 696 4448 ιὶι
707 4393 767 4450 ξένος
780 4393 877 4442 nomine
890 4391 1006 4452 adiecto?

229 4468 362 4518 blainelius
370 4463 511 4529 conjiciebat
518 4463 558 4513 illa
566 4463 640 4512 rerba
649 4460 890 4525 exintegrodisticbo
899 4463 925 4510 et
933 4460 1005 4510 dirni-

229 4539 270 4588 dia
282 4538 346 4587 tertii
362 4550 449 4587 uersus
472 4537 541 4600 parte
560 4547 701 4598 superesse,
718 4554 730 4576 ι
742 4537 769 4582 ut
792 4546 847 4594 qum
864 4531 1007 4582 exciderunt
1030 4524 1032 4542 ¹

229 4608 292 4657 banc
314 4608 365 4656 foro
384 4607 529 4658 sententiam
549 4603 699 4655 habuerint:
722 4605 802 4665 (outa
822 4605 847 4652 te
870 4601 1007 4666 sospem

228 4679 391 4744 consummi
408 4679 529 4742 sepulcro
548 4675 681 4726 condidit?
704 4674 868 4738 naufrapnnu
892 4675 961 4722 enlm
982 4675 1007 4722 te
1029 4682 1031 4719 2

228 4762 283 4800 esre
297 4761 380 4812 nepus
390 4747 445 4797 ulio
458 4749 550 4796 mortis
558 4757 650 4808 ponere
662 4745 807 4794 occubuisse
817 4743 915 4792 indicat
926 4744 1006 4806 torpa
1029 4794 1031 4811 ,

226 4823 292 4872 situs
302 4820 424 4882 sepulcro
442 4820 488 4867 tuo
505 4829 600 4865 rentur.
623 4813 753 4876 sequentia
766 4811 933 4874 respondentis
947 4814 1006 4861 sunt

227 4890 351 4942 mortui.»
371 4889 495 4939 lleclrerus
509 4885 635 4948 distinguit
650 4887 709 4940 ξένος
721 4884 741 4932 ὧ
751 4885 847 4942 vuucri,
866 4885 894 4932 ut
910 4883 951 4941 vl,
964 4894 1003 4944 ep.
1028 4890 1030 4973 j

228 4969 282 5026 rol,
302 4969 310 5012 l
329 4959 502 5024 ιφωσρόροςῶ
517 4959 631 5019 σώτειρα,
647 4955 688 5014 al..
702 4954 846 5016 scripsitque
866 4955 909 5012 τὶν,
930 4951 960 5002 ab
974 4951 1006 5004 io
1028 4980 1029 5009 ι

226 5033 278 5084 nica
292 5031 393 5096 quidem
405 5029 641 5092 dialectopoetarnm
654 5038 702 5074 non
714 5023 828 5082 alienum,
839 5021 882 5072 sed
891 5021 950 5085 quid
960 5022 1006 5072 sibi
1027 5028 1029 5079 l

226 5104 284 5154 volit
294 5117 342 5153 non
357 5114 482 5164 assequor.
497 5103 557 5150 llam
571 5097 609 5146 cul
622 5097 690 5156 ξένος,
708 5092 774 5155 quod
788 5093 861 5144 etiarn
870 5093 946 5142 lioiss.
960 5107 1005 5142 ro·
1027 5108 1029 5153 ι

227 5174 301 5224 luissc
317 5173 423 5231 videtur,
439 5171 479 5220 hlc
497 5184 544 5220 non
563 5165 680 5232 procedit.
698 5169 753 5215 Jarn
773 5164 843 5218 rideo
860 5161 1004 5212 Meinelnium

230 5242 477 5307 quoquomodo.
492 5246 535 5291 alt
554 5238 673 5302 corrigere
684 5238 718 5286 τὶν
737 5237 797 5293 ξένος
813 5237 855 5298 ὢν,
865 5235 959 5297 sanast,
976 5236 1005 5283 ut
1027 5258 1029 5276 ι

788 411 1041 474 dNTHOLOGIAE
1062 412 1264 472 Palatium

1051 543 1086 590 rto
1101 543 1133 592 stt
1156 543 1327 604 accusativus,
1343 563 1356 588 ιι
1375 543 1470 608 dequo
1486 557 1512 592 u.
1532 546 1662 595 ilerrnanu.
1691 547 1781 608 opusc.
1805 551 1824 606 l,

1051 627 1075 677 p.
1089 617 1143 664 267.
1157 633 1169 656 ιι
1182 617 1293 671 Quorum
1302 614 1401 665 minima
1413 613 1492 665 nitida
1505 615 1638 672 scnmntia,
1657 629 1702 664 nac
1716 617 1826 667 credibile

1051 686 1089 734 est
1103 683 1134 733 ab
1149 684 1262 747 ambigua
1277 698 1378 748 pmrsus
1394 684 1481 734 rocula
1495 697 1608 734 exorsum
1623 685 1700 734 fuisse
1716 686 1826 734 callima-

1052 752 1135 802 chum.
1151 754 1220 804 Prior
1230 755 1370 817 conjectura
1379 755 1423 804 viri
1435 755 1522 818 optimi
1535 767 1565 804 ao
1577 754 1676 815 arridet,
1689 754 1758 817 quod
1766 768 1829 804 mor·

1051 826 1096 874 tuo
1112 824 1227 887 loquente
1245 825 1298 874 bac
1316 825 1379 876 frunt
1399 827 1538 888 ἠοινώττριι.
1558 851 1590 862 -
1606 832 1621 874 2
1638 825 1751 886 αἰγιαλοῖς
1770 828 1827 876 Βοττ-

1051 894 1138 952 tleiua3
1160 915 1171 937 ι
1194 894 1297 946 fortasse
1310 899 1392 946 tunan
1409 897 1516 958 αἰγιαλοῦ
1534 895 1698 945 mudum.
1720 915 1732 938 ιι
1754 899 1828 947 ticin.

1052 963 1136 1014 Codex
1153 967 1280 1026 αἰγιαλούς.
1304 992 1335 1004 ·-
1354 973 1366 1014 t
1389 967 1490 1030 ῆσυχος,
1513 967 1591 1028 αἰθυίῃ
1615 963 1827 1031 ilemsiarilusius3

1051 1037 1141 1100 ἥσυχον
1150 1037 1226 1096 ulium
1237 1049 1252 1085 a
1262 1039 1397 1087 comacmra
1407 1037 1494 1096 αῑθυίη,
1504 1035 1596 1088 Gades.

1083 1181 1250 1232 ccaxxvrn.
1260 1183 1359 1232 lamma
1370 1201 1376 1232 ι
1386 1183 1417 1240 εἰς
1426 1185 1525 1244 νανηγὰν
1534 1184 1664 1247 ἀνώνυμον,
1673 1185 1733 1234 dala
1745 1188 1827 1247 anapa-

1053 1250 1116 1302 στόν.
1129 1269 1142 1294 ιι
1153 1255 1306 1316 anonymum
1315 1251 1386 1312 dicit;
1402 1265 1459 1302 nam
1468 1267 1515 1303 noo
1526 1259 1595 1318 osus
1609 1267 1682 1304 versu
1692 1254 1782 1318 primo,
1793 1257 1829 1305 sed

1052 1321 1132 1384 θηρσὶν
1150 1319 1233 1370 eaden
1252 1319 1356 1370 exhibet.
1376 1323 1420 1371 Est
1437 1325 1506 1386 θῆρις
1524 1325 1595 1375 lectio
1607 1324 1749 1375 Planudaar.
1769 1326 1830 1376 iden

1053 1403 1141 1440 nomeu
1154 1389 1244 1442 redibit
1257 1403 1315 1454 epp.
1330 1397 1385 1452 296,
1400 1395 1455 1443 til.
1467 1415 1479 1437 ιι
1498 1397 1529 1444 Β.
1547 1394 1635 1446 Nescio
1646 1393 1712 1444 unde
1734 1397 1831 1445 Grotius

1057 1461 1201 1510 Tarentini.
1220 1464 1283 1512 Sunt
1299 1462 1408 1527 naufragi
1426 1463 1453 1512 in
1469 1463 1551 1514 littore
1566 1463 1656 1527 sapulti
1671 1465 1792 1528 querdre.
1806 1492 1831 1502 —

1055 1535 1064 1579 t
1081 1533 1160 1595 θηρσὶν
1169 1531 1229 1582 cod.
1242 1559 1274 1568 -
1284 1539 1307 1582 2.
1319 1535 1460 1598 arpennos,
1471 1547 1528 1597 quc
1536 1548 1663 1598 nunquam
1671 1535 1807 1598 quiescunt
1819 1551 1832 1585 a

1054 1600 1174 1650 fluctuum
1183 1602 1299 1665 strepitu,
1310 1604 1443 1665 ἀκοίμητοι,
1452 1605 1481 1654 ut
1488 1607 1632 1667 aupttacaar
1640 1605 1764 1656 etsirffiia
1774 1619 1832 1669 sape

1053 1671 1168 1722 dicuntur
1181 1671 1212 1722 de
1221 1673 1291 1722 mari.
1302 1673 1341 1722 Sic
1352 1673 1484 1738 intelligam
1497 1675 1578 1738 potius
1586 1688 1661 1739 quam
1675 1689 1736 1726 cunr
1746 1677 1831 1726 Jacob·

1053 1743 1090 1792 aio
1104 1761 1116 1786 ιι
1131 1741 1214 1793 littora
1225 1756 1290 1806 qum,
1302 1747 1331 1793 ut
1340 1745 1392 1808 ipsa
1403 1758 1419 1794 a
1431 1745 1546 1797 fluctibus
1555 1759 1681 1810 nunqnam
1693 1746 1831 1811 quiescunt,

1054 1813 1088 1864 sic
1103 1827 1144 1864 mc
1155 1827 1255 1878 quoque
1268 1828 1354 1864 somno
1365 1815 1414 1865 frui
1429 1829 1478 1866 non
1490 1816 1583 1868 sinunt.
1599 1838 1611 1861 ιι
1623 1821 1680 1867 -a
1693 1819 1750 1867 ποτὶ
1762 1819 1834 1881 χοιρά-

1053 1901 1090 1934 σιυ
1101 1883 1167 1935 Plan.
1180 1888 1238 1935 -l
1253 1886 1331 1942 ξείνων
1345 1885 1412 1936 Plan.
1427 1895 1484 1938 -6
1500 1889 1587 1937 δοῦπον
1595 1887 1753 1951 ἐπερχόμενον
1770 1888 1830 1937 Plan.

1052 1957 1181 2018 Jungoaat
1196 1957 1219 2006 tr
1235 1958 1355 2008 νεκύεσσιν
1378 1959 1429 2020 (ὣν)
1444 1959 1499 2009 ata.
1512 1963 1565 2009 -7
1577 1958 1629 2008 κατ’
1647 1959 1746 2009 baum
1766 1959 1831 2014 θοὰ.ἱ

1053 2025 1115 2075 illud
1127 2027 1196 2077 Plan.
1207 2031 1333 2080 structum
1346 2031 1374 2080 ut
1385 2032 1539 2080 sariacum
1551 2034 1605 2079 -6
1617 2032 1693 2079 θανὼν
1702 2031 1755 2092 >sip
1772 2031 1833 2080 Plan.

1053 2099 1079 2146 et
1094 2096 1165 2158 cod,
1181 2098 1225 2149 sed
1237 2098 1277 2150 bic
1287 2117 1312 2150 τι
1321 2101 1476 2165 superposito
1485 2103 1513 2152 ut
1528 2101 1598 2152 beret
1610 2103 1695 2164 τιλείρ.
1711 2103 1834 2165 blatapbo

1054 2182 1105 2219 ram
1114 2169 1215 2232 petitam
1228 2183 1283 2222 essa
1294 2185 1308 2222 a
1321 2171 1382 2222 mari
1390 2173 1485 2236 pacato,
1497 2171 1565 2235 quod
1576 2173 1655 2235 poetas
1667 2173 1730 2221 λεῖον
1741 2175 1832 2222 nocant.

1053 2239 1166 2290 observat
1175 2241 1324 2302 iiuacbiius,
1334 2243 1376 2305 qui
1387 2242 1418 2292 ὰε
1432 2242 1478 2292 boe
1486 2255 1559 2292 varan
1568 2243 1684 2292 accurate
1700 2242 1752 2304 egit
1764 2243 1830 2292 anal.

1053 2309 1107 2360 crit.
1125 2324 1150 2374 p.
1169 2317 1211 2362 122
1223 2325 1275 2375 saq.

1032 2436 1033 2449 ἵ
1084 2460 1225 2510 CCLXXIX.
1243 2461 1366 2508 Lemma:
1383 2457 1470 2520 ὁμοίως
1487 2459 1518 2514 εἰς
1532 2457 1631 2518 aucupia
1644 2455 1769 2518 ἀνώνυμον
1789 2456 1832 2513 (sic

1053 2543 1135 2594 apogr.
1150 2533 1215 2590 Pam
1230 2543 1244 2580 o
1258 2529 1319 2580 cod.
1334 2530 1458 2593 tudunum
1467 2528 1595 2590 affertur).
1606 2554 1632 2563 -
1647 2528 1722 2576 ratu
1735 2525 1798 2576 Cori.
1813 2531 1834 2574 ct

1054 2601 1132 2662 Plan,
1149 2599 1254 2650 correxit
1266 2600 1364 2650 Jacobs.
1376 2614 1382 2643 ι
1400 2601 1428 2650 in
1442 2597 1543 2663 [cipido
1556 2597 1610 2648 aab
1622 2601 1719 2646 cincre.
1731 2596 1835 2645 llalcbat

1054 2672 1177 2721 ileclrerus
1194 2673 1212 2732 l,
1221 2685 1246 2734 p.
1262 2677 1294 2722 s:
1308 2670 1323 2720 ir
1339 2670 1392 2734 ξέν’,
1405 2672 1473 2721 recte
1488 2667 1620 2720 observans
1635 2669 1661 2717 in
1674 2670 1750 2718 ΑΙΕΗ
1763 2667 1834 2731 lapidi

1053 2741 1174 2806 insculpto
1192 2742 1275 2792 literas
1293 2743 1314 2792 Ξ
1332 2744 1358 2792 et
1370 2743 1383 2791 l
1397 2742 1439 2790 riu
1458 2741 1579 2792 tantillum
1597 2738 1706 2788 differre
1728 2741 1762 2788 tlt
1781 2739 1834 2787 alibi

1053 2816 1184 2864 nautarum
1199 2812 1302 2863 tumulis
1310 2824 1391 2862 remus
1401 2811 1540 2875 imponitur,
1555 2809 1611 2859 inde
1623 2809 1655 2859 ab
1671 2811 1779 2858 iinmero
1789 2809 1832 2857 0d.

1032 2941 1033 2958 ἶ
1054 2887 1085 2944 Δ,
1098 2887 1138 2942 77,
1153 2883 1186 2932 ita
1202 2882 1243 2934 blc
1256 2881 1316 2932 remi
1329 2884 1355 2932 at
1371 2884 1450 2932 rostra
1467 2881 1600 2944 pinguntur
1615 2879 1653 2929 vel
1671 2879 1798 2943 finguntur
1810 2880 1832 2928 iu
1934 2907 1935 2910 =

1054 2967 1182 3004 marmore.
1191 2981 1223 2992 -
1241 2960 1255 3004 3
1268 2959 1379 3014 occupato
1396 2955 1423 3003 τὸ
1443 2953 1576 3015 Plan.,qui
1590 2949 1735 3008 adunata,
1753 2951 1832 3000 codex

1054 3027 1085 3086 ὲν,
1103 3024 1170 3088 quod
1184 3025 1283 3085 rectius,
1299 3024 1393 3088 opinor,
1410 3026 1534 3074 senatum
1544 3023 1630 3074 fuisset
1643 3021 1675 3072 ab
1690 3021 1831 3072 editoribus.

1053 3121 1084 3130 —
1097 3098 1113 3144 i
1127 3094 1191 3152 αὖτις
1202 3094 1307 3144 Brunca.

1085 3237 1213 3287 CCLXXX.
1227 3237 1348 3284 lamium:
1365 3235 1397 3290 ric
1419 3231 1490 3294 τάροτ
1504 3233 1541 3282 ini
1556 3232 1633 3295 χώρας
1652 3229 1761 3292 κείμενον
1780 3231 1830 3292 ἀρι-

1054 3307 1200 3368 τριυομένης.
1211 3305 1329 3366 laudunis.
1351 3307 1376 3353 ln
1391 3303 1468 3354 aliero
1485 3315 1560 3366 marg.
1577 3322 1583 3350 :
1600 3301 1648 3350 aab
1662 3305 1767 3360 ναυηγοῡ
1779 3301 1830 3361 πρὸς

1053 3393 1181 3504 Imm·
1192 3401 1223 3413 -
1239 3379 1248 3425 l
1264 3381 1309 3424 τωῑ
1322 3375 1364 3438 βόε
1378 3373 1439 3424 eod.
1449 3401 1478 3414 -
1489 3379 1503 3423 2
1513 3374 1554 3432 τήν
1569 3373 1639 3431 ὕννιν,
1654 3373 1680 3422 et
1691 3384 1717 3421 v,
1733 3371 1829 3420 isaaci·

1085 3587 1228 3638 cclxxxi
1240 3588 1340 3636 Lemma
1358 3605 1364 3633 ι
1379 3584 1460 3648 ὅμοιον
1477 3583 1515 3632 ἐστὶ
1527 3586 1560 3644 τῷ
1579 3581 1654 3644 αὐτῷ.
1672 3581 1788 3644 teporata.
1800 3602 1828 3618 -

1053 3658 1141 3707 3αὰτα
1160 3656 1265 3705 amuel.
1276 3656 1417 3714 Κίττλοιυται,
1430 3653 1536 3703 lacrimis
1551 3651 1650 3716 irrigata
1665 3653 1713 3700 cat.
1733 3649 1828 3699 Reddidi

1054 3728 1128 3778 verbo
1151 3725 1303 3791 appuleiano.
1326 3725 1408 3776 codex
1427 3723 1606 3785 οινλαυσμὰνσς.
1635 3749 1666 3763 -
1698 3725 1707 3769 2
1731 3721 1828 3784 zopirus

1052 3797 1201 3856 Brunclfius3
1218 3798 1334 3858 νάματος,
1349 3795 1501 3860 superposito
1514 3796 1544 3844 τιό
1551 3790 1722 3856 (stomoma,
1733 3793 1827 3852 auguri<

1053 3871 1122 3920 Plan.
1132 3868 1225 3920 Deinde
1237 3868 1296 3919 Cod.
1314 3869 1480 3918 sinoaldum:
1497 3867 1585 3930 στάχυν
1602 3863 1792 3928 (superonustus
1803 3861 1827 3911 li-

1052 3941 1112 3989 tcrra
1126 3939 1241 4002 ultimo).

1048 4113 1059 4134 a
1084 4084 1348 4136 scurrilitatum
1370 4101 1376 4130 ι
1397 4083 1428 4137 ὰς
1443 4079 1552 4141 naumis.
1568 4075 1679 4129 ln'Plau.
1692 4075 1824 4138 Antipatro

1053 4156 1220 4208 tribulium-
1237 4158 1246 4203 l
1267 4158 1370 4213 νσοιιγοῦ
1388 4153 1456 4202 Plan.
1474 4152 1563 4214 praeter
1575 4147 1614 4198 cd.
1628 4147 1704 4211 princ.
1715 4174 1745 4189 -
1760 4145 1823 4195 abl·

1053 4227 1131 4290 >opat
1152 4225 1229 4283 Plan,
1240 4222 1358 4286 probante
1373 4221 1511 4280 ilaclerol,
1525 4233 1550 4282 p.
1570 4223 1625 4276 ¹033
1638 4217 1743 4279 biiipat’
1760 4213 1821 4270 (bd¹

1052 4295 1157 4360 tibiipsi·
1173 4294 1277 4344 Brunci.
1294 4298 1319 4343 et
1330 4291 1426 4342 Jacobs.
1443 4291 1467 4340 in
1479 4292 1562 4340 nostro
1572 4288 1691 4350 exemplo,
1701 4283 1822 4347 bidurfin

1052 4369 1091 4419 ed.
1105 4367 1152 4425 Qui
1163 4369 1228 4416 recte
1237 4366 1338 4414 contulit
1347 4378 1385 4426 ep.
1401 4367 1456 4422 675,
1470 4361 1539 4412 reiut
1553 4357 1702 4422 respondens
1711 4357 1822 4420 epigram·

1052 4441 1124 4491 matis
1140 4443 1194 4500 aad,
1206 4445 1260 4497 266,
1275 4439 1300 4486 et
1314 4433 1440 4494 similibus,
1459 4435 1484 4482 et
1495 4429 1641 4482 sententiam
1655 4429 1692 4478 sic
1705 4425 1799 4490 exponit
1815 4441 1821 4471 =

1056 4533 1067 4555 ιι
1079 4516 1236 4574 Quamquam
1245 4507 1287 4557 hic
1299 4505 1409 4570 naufragi
1422 4503 1492 4553 rides
1504 4501 1643 4560 tumulum,
1656 4513 1687 4548 ne
1700 4502 1778 4548 tamon
1788 4493 1820 4542 ld·

1054 4583 1120 4632 circo
1133 4594 1148 4630 a
1160 4579 1221 4629 mari
1239 4577 1361 4628 abstineas
1380 4573 1441 4624 :alii
1460 4573 1524 4623 errim
1541 4573 1670 4620 nautarum
1693 4567 1820 4622 serrantur,

1052 4654 1093 4703 alii
1106 4654 1216 4716 percunt.
1232 4653 1281 4713 Ego
1292 4647 1392 4712 qnidam
1406 4659 1483 4709 quum
1495 4642 1649 4706 naufragium
1663 4639 1775 4698 facerem,
1787 4647 1821 4686 aa·

1053 4723 1114 4774 teria
1124 4722 1226 4772 navibus
1240 4720 1300 4769 nibil
1310 4717 1366 4768 mali
1381 4715 1514 4767 accidebat.
1532 4735 1544 4757 ιι
1685 4719 1688 4726 “

1085 4877 1246 4927 ccaxxxm.
1270 4876 1371 4924 Lemma
1391 4889 1397 4919 ι
1417 4870 1492 4932 frepus
1521 4867 1553 4923 el<
1571 4865 1672 4924 ιανηγὸν
1693 4861 1820 4924 Ὰμριριοιητ

1051 4949 1120 5010 (imo
1142 4948 1195 5010 elus
1217 4945 1320 5006 ilium).
1343 4941 1401 4990 -f
1427 4937 1508 5000 itt-spir
1530 4933 1612 4993 codd.·‚
1638 4933 1738 4983 οάιαττσ
1761 4929 1818 4978 Plan.

1052 5027 1103 5070 -2
1120 5018 1194 5081 ψηλῆς
1211 5014 1271 5066 coa.
1285 5040 1317 5051 -
1332 5018 1355 5064 3.
1368 5033 1379 5056 ιι
1392 5007 1504 5062 Notanda
1516 5005 1606 5056 locutio
1618 5003 1743 5066 ἐπιειμένος
1759 4999 1820 5062 ἀχλὺν

1050 5104 1095 5154 pro
1115 5087 1188 5148 νόνιν,
1207 5093 1259 5148 γῆν,
1280 5098 1338 5148 οιτον
1353 5086 1383 5134 ut
1400 5079 1508 5146 uulgaria
1521 5079 1547 5130 et
1567 5076 1639 5126 nimis
1658 5074 1717 5125 trita
1735 5067 1817 5134 respuit

1052 5159 1208 5212 leonidas
1232 5159 1289 5208 Jac.
1312 5182 1341 5192 -
1362 5160 1375 5205 l
1396 5153 1485 5218 adisis<
1500 5149 1560 5200 (iod.
1584 5151 1609 5200 ei
1630 5147 1707 5204 Plan.·‚
1727 5138 1816 5196 onitu:

1052 5231 1166 5295 scaliger,
1175 5227 1241 5292 quod
1251 5226 1340 5292 gentile
1354 5227 1408 5282 cst;
1419 5225 1506 5278 Φυλεὺς
1519 5219 1622 5272 bleinel.
1634 5231 1659 5283 p.
1676 5221 1726 5276 135,
1740 5233 1752 5256 ι
1761 5203 1816 5274 quod
