3938 5950
538 440 661 503 carun
681 445 743 506 vn.
767 436 1045 518 Ellnnslllmli
1066 457 1335 523 snrununsnm.
1675 475 1731 538 ssa

419 575 463 626 46.
490 578 627 630 ΑΔΗΔΟΝ.

130 696 172 756 Οὐ
186 695 232 755 σδν
244 700 336 773 μνῆμα
351 697 406 758 τόδ’
415 698 479 774 ίστ’,
490 703 618 783 Εὐριπίδη
627 751 635 778 ,
643 708 711 768 litt
721 707 752 768 σύ
763 712 850 771 τοῦδε·

170 787 204 862 Τῇ
220 788 253 862 σῇ
268 783 320 863 γὰρ
336 783 398 866 δόξῃ
413 791 506 865 μνῆμα
521 790 575 850 τόδ’
588 793 746 873 ἀμπέχεται.

443 924 488 974 47.
508 925 602 977 ΑΛΔΟ.

169 1031 267 1095 ι’Λιτειθ
283 1034 383 1116 Ἀχσιίς
395 1043 488 1115 μνῆμα
508 1041 569 1114 σὸν,
588 1045 731 1125 Εὐριπίδη·

170 1122 260 1181 οὔκουν
274 1122 390 1202 όροινος,
406 1127 474 1187 till
486 1127 531 1187 aui
543 1132 677 1202 λαλητίος.

437 1263 482 1315 48.
500 1268 597 1318 Addo.

129 1378 270 1437 Αίθσλέοιο
284 1380 362 1460 πυρὸς
376 1384 468 1464 ῥιπῇοι
484 1365 612 1466 τρυρηλαὶ
628 1391 722 1469 σοίρκες
777 1393 783 1404 ”

168 1469 321 1545 ληφθεῖσαι,
333 1469 420 1544 νοτίην
431 1461 502 1531 dous
518 1473 563 1532 ἄπ’
580 1477 727 1552 αὐθόμεναι·

129 1557 211 1629 μούνα
229 1555 252 1611 δ’
269 1556 351 1615 ἔνεστι
360 1557 435 1640 τιίρῳ
444 1561 617 1644 πολοδακρύιμ
633 1566 712 1626 ὀστέα
723 1567 815 1648 κωρδι,

167 1643 211 1700 καὶ
223 1643 300 1712 πόνος
311 1645 425 1713 εἰνοδίοις
437 1649 500 1727 τῇδε
510 1650 725 1729 παρερχομένοις.

381 1787 430 1838 49.
453 1781 653 1841 ΒΙΑΝΟΡΟΣ.

128 1906 154 1966 ‘A
170 1904 288 1974 Μακίτις
302 1929 333 1966 σε
344 1906 450 1968 κέκευθε
461 1909 544 1991 τοίρου
561 1910 643 1979 κόνις·
659 1911 727 1972 illl
740 1915 866 1994 πορευθείς

166 1994 232 2053 Zoni
246 1994 401 2076 κεροιυνείιρ,
413 1999 511 2074 γαῖαν*
526 1997 702 2078 ιἰπηχθίασας.

129 2081 192 2158 'lits
203 2080 253 2160 γὰρ
269 2082 456 2164 lannoius
470 2087 598 2166 Εὐριπίδη
609 2131 617 2159 v
628 2091 657 2148 ἔκ
669 2087 728 2156 ⁶⁶⁰⁴
739 2089 815 2170 “mii

166 2167 258 2246 ἥγνισε
268 2166 314 2228 τόν
325 2171 421 2230 θνατδιν
440 2170 557 2248 σήματος
575 2175 703 2255 ἱστορίαν.

358 2309 408 2362 5⁰.
436 2304 673 2367 Alelllldot.

123 2426 182 2500 Τὴν
198 2430 346 2508 Εὐριπίδιον
359 2431 421 2509 μήτ’
435 2433 471 2514 tp·
485 2457 524 2506 εο,
537 2436 599 2510 μήτ’
612 2436 765 2511 ίπιύιίλλου,

163 2515 292 2576 δυ’σόατον
311 2518 456 2600 ἀνθρώποις
465 2459 543 2596 ὐλμον
551 2567 562 2597 ,
580 2524 724 2587 ὐοιδοθίτα.

123 2605 188 2676 Λείη
201 2605 249 2681 μὲν
264 2606 315 2688 γὰρ
330 2608 392 2665 ίδιῖν
403 2607 448 2665 κτλ
461 2608 599 2689 ίπίρῤοθος·
615 2607 647 2681 ἣν
660 2610 688 2669 δί
698 2635 734 2679 τις
750 2612 831 2686 αὐτὴν

162 2691 294 2773 είσύαίνη,
309 2696 428 2775 χαλεποῦ
448 2696 595 2776 τρηχυτὲρη
611 2697 744 2766 σκόλοπος·

125 2777 156 2848 ἢν
171 2781 198 2838 δὲ
212 2781 247 2838 τδι
261 2781 380 2854 Μηδείης
392 2784 515 2854 Αίητίδος
527 2784 596 2864 όκρα
608 2786 743 2867 χαριίξης,

163 2868 292 2944 ἀμνήμων
306 2868 381 2950 κείσῃ
394 2869 491 2952 νίρθεν.
522 2869 578 2932 Ἔα
592 2873 742 2954 στερόνους.

388 3011 440 3063 tl.
461 3004 633 3067 loddlot'.

121 3129 161 3187 Οὐ
177 3152 207 3187 σε
219 3133 301 3188 κυνῶν
315 3130 387 3209 γόνος
398 3123 457 3206 εἷλ’,
469 3133 615 3212 Εὐριπίδη,
631 3134 688 3194 οὐδὲ
701 3135 823 3214 γυναικός

165 3207 282 3296 οἶστρος,
297 3218 342 3276 τὸν
356 3219 463 3293 σκοτίης
480 3220 609 3300 Κύπριδος
623 3224 772 3304 ἀλλότριον,

125 3305 182 3363 ἀλλ’
197 3301 283 3380 Ἀίδης
297 3307 342 3365 καὶ
353 3311 449 3388 γῆρας·
461 3310 526 3370 ὐπαὶ
538 3311 651 3391 Μοιιὲτῃ
666 3312 688 3372 δ’
702 3312 841 3395 Ἀρεθούσῃ

161 3401 265 3464 κεῖσαι,
279 3395 392 3476 ἑταιρείῃ
402 3395 488 3474 τίμιος
502 3395 641 3477 Ἀρχέλεω.

1242 608 1281 655 iti.
1308 615 1446 661 lucani.

955 721 1008 771 lton
1016 723 1088 774 tuum
1096 729 1329 780 monumentumest
1338 729 1394 792 hoe,
1407 732 1544 797 Euripides,
1552 735 1596 786 sed
1604 737 1633 787 tu
1642 737 1730 802 huius:

935 845 938 864 ,
985 813 1105 862 tutenim
1119 815 1252 878 gloridhoe
1263 821 1450 870 mouumentum
1465 821 1639 876 circumdatur.
1699 837 1702 844 ⁴

1256 945 1294 991 ll.
1317 951 1425 994 astum.

934 1009 937 1132 i
955 1055 1016 1104 Tota
1025 1056 1114 1120 Achaia
1123 1059 1161 1108 est
1174 1062 1360 1110 mouumentum
1368 1063 1448 1122 tuum,
1462 1064 1604 1129 Euripides:

934 1155 936 1200 ξ
955 1159 1002 1194 non
1015 1159 1042 1195 ει
1052 1146 1126 1210 igitur
1141 1151 1238 1209 mutus,
1249 1147 1293 1199 sed
1303 1149 1376 1199 εθοιιι
1385 1151 1495 1214 loquens.

1255 1277 1293 1323 ⁴8.
1316 1283 1423 1325 intuo.

932 1344 936 1472 ξ
953 1389 1096 1453 Eruliginosis
1108 1391 1169 1455 ignis
1184 1391 1282 1446 llatibus
1294 1395 1403 1446 delicatas
1414 1410 1498 1449 carnes

932 1473 936 1558 i
984 1481 1111 1542 correpto,
1121 1479 1248 1531 humorem
1258 1484 1406 1546 expulerunt
1418 1485 1574 1538 inllammatae
1589 1507 1596 1537 ι

932 1563 935 1616 ἔ
952 1567 1004 1616 sola
1017 1581 1076 1618 vero
1087 1568 1170 1620 insunt
1179 1571 1292 1634 sepulcro
1304 1572 1562 1626 multum-lacrimabid
1573 1589 1629 1628 ossa
1644 1582 1724 1640 muta,

931 1633 935 1754 ρ
982 1658 1007 1705 et
1021 1655 1091 1706 dolor
1099 1657 1234 1710 viatoribus
1249 1657 1296 1710 hae
1304 1662 1517 1724 praetereuntibus.

1236 1793 1275 1840 lu.
1292 1791 1443 1841 suillorum

931 1889 934 1978 Ι
951 1917 1105 1968 Macedonica
1118 1921 1143 1970 te
1152 1921 1211 1971 texit
1222 1922 1326 1985 sepulcri
1340 1923 1433 1986 pulvim
1446 1923 1490 1975 sed
1500 1928 1573 1976 ustus

981 2005 1082 2055 anione
1096 2005 1245 2070 fulguratore
1254 2011 1344 2059 terram
1353 2010 1443 2060 exuisti
1457 2032 1464 2062 ε

951 2093 988 2141 ter
998 2091 1063 2141 enim
1073 2093 1215 2156 fulgurans,
1225 2095 1367 2158 Euripides,
1381 2097 1411 2146 ab
1420 2100 1482 2148 Jove
1493 2098 1570 2150 esther

929 2138 933 2262 Ι
981 2179 1096 2231 lustravit
1107 2182 1208 2232 mortale
1216 2181 1507 2244 santissimos-mesae
1518 2193 1683 2240 monumento.

1220 2318 1258 2363 50.
1276 2315 1454 2366 assumant.

950 2440 1071 2505 Euripidis
1082 2455 1161 2506 nequo
1170 2443 1245 2504 vade,
1255 2457 1300 2494 nec
1308 2445 1347 2495 vel
1355 2446 1435 2509 eogita
1445 2446 1554 2510 undere,

928 2495 932 2576 Ι
979 2528 1342 2593 montemmaranum,
1359 2534 1443 2584 ωειοε
1457 2553 1464 2582 2

928 2629 931 2690 ρ
948 2615 1038 2679 quippe
1049 2615 1119 2666 laevis
1129 2615 1246 2680 adspectu
1258 2621 1296 2668 est
1308 2620 1334 2669 et
1346 2618 1435 2679 iacilis;
1445 2619 1467 2669 ei
1478 2620 1601 2683 quievero
1610 2635 1663 2672 eam

928 2703 931 2780 l
979 2703 1122 2767 ingreditur,
1134 2705 1237 2756 molesti
1250 2705 1358 2770 asperior
1366 2706 1444 2756 sude:

928 2781 931 2847 ί
948 2789 1007 2841 acsi
1019 2791 1112 2842 liedeoe
1122 2792 1224 2842 AEetidis
1237 2793 1278 2843 llla
1289 2807 1385 2844 summa
1394 2794 1575 2854 sulcare-velis,

980 2878 1177 2930 immemorabilis
1187 2879 1280 2942 iacebis
1294 2878 1371 2930 humi.
1403 2881 1473 2931 mrtts
1485 2894 1593 2932 ooronns.

1253 3015 1291 3060 st.
1310 3011 1424 3060 ADDAEI.

949 3140 1003 3188 Non
1014 3141 1039 3188 ta
1052 3152 1140 3189 eanum
1154 3139 1219 3188 natio
1232 3141 1347 3202 peremit,
1359 3139 1423 3200 Euri¹
1441 3138 1499 3202 des,
1509 3152 1554 3190 neu
1567 3139 1662 3190 tamma

979 3228 1054 3287 luror,
1068 3228 1093 3276 te
1105 3225 1135 3274 ab
1153 3225 1258 3276 obscura
1274 3238 1363 3275 venere
1376 3225 1492 3289 alienum,

946 3313 990 3364 sed
1004 3313 1072 3364 Pluto
1087 3315 1112 3363 et
1124 3315 1251 3370 senectam
1265 3311 1311 3362 sub
1324 3311 1479 3363 llacedonioa
1491 3314 1574 3364 autem
1586 3313 1710 3364 Arethusa

925 3397 929 3480 1
974 3400 1224 3462 janes,iamiliaritato
1233 3400 1365 3449 honoratus
1374 3400 1492 3450 Archelai.

122 3479 174 3540 Σδν
190 3484 214 3540 δ’
230 3484 259 3540 οὐ
272 3486 362 3542 τούτον
375 3481 427 3562 ipis
437 3485 541 3561 τίθεμαι
558 3484 651 3565 tripos,
665 3486 733 3545 ἀλλὰ
746 3484 780 3545 τό
791 3485 898 3565 Βόκχον
925 3481 928 3558 i
946 3493 996 3554 Ego
1008 3503 1066 3540 rero
1079 3502 1127 3538 non
1143 3488 1191 3538 troc
1202 3487 1305 3538 arbitror
1318 3490 1389 3538 tuum
1405 3488 1562 3552 sepulerum,
1573 3487 1617 3540 sed
1633 3489 1721 3538 Bacchi

162 3567 272 3646 βήματα
289 3570 334 3629 καί
345 3570 442 3642 σκηνδις
461 3570 577 3647 spontis·
588 3571 753 3648 πειθομένοις.

348 3714 395 3764 52.
418 3707 612 3767 ΔΗΜΙΟΥΡΓ
614 3708 673 3766 ΟΥ.

976 3575 1095 3640 thymelas
1107 3578 1133 3628 et
1140 3588 1226 3627 εοειιεε
1234 3574 1353 3626 ootlanrno
1362 3588 1458 3638 pressas
1468 3576 1506 3640 (t).

1222 3715 1260 3760 52.
1283 3710 1447 3760 nulllulttsl.

120 3832 250 3900 Ἑλλάδος
263 3805 404 3916 εὐρυμόρον
418 3838 545 3916 οτίρονον
558 3837 604 3897 καὶ
619 3836 717 3914 κόσμον
732 3837 834 3910 ἀοιδῆς,
946 3842 1047 3893 Grauia
1057 3841 1115 3894 latu
1123 3855 1236 3892 soronam
1248 3853 1277 3891 aa
1290 3839 1365 3890 decus
1377 3839 1527 3899 εετιιιίιιιιιιι,

410 4005 453 4059 46.
475 4007 513 4052 De
527 4001 615 4055 eodem.

120 4094 175 4141 lion
186 4101 341 4142 monumenta
352 4102 393 4144 lue
403 4092 453 4144 hmo
468 4095 596 4160 Euripide,
612 4104 638 4143 tu
651 4095 723 4160 magis
736 4094 811 4162 ipsis:

154 4177 286 4238 Namquea
299 4183 322 4223 te
336 4175 428 4226 tumulo
439 4176 544 4226 maxima
553 4175 617 4226 fama
629 4176 703 4226 venit.

410 4281 451 4335 ⁴7·
471 4277 507 4322 De
518 4271 609 4323 eodem.

153 4356 245 4406 Achiva
264 4357 333 4407 tellus
346 4373 395 4408 non
409 4367 504 4422 tacens,
515 4360 653 4426 Euripides,

154 4439 200 4489 Sed
211 4440 316 4490 maxime
327 4441 408 4492 socole
419 4452 600 4492 monumentum
615 4442 668 4492 tibi.

360 4547 401 4602 ⁴9·
420 4556 528 4588 ειιιιοιιιε
545 4555 660 4594 σιτιιιειιι,

440 4618 471 4668 de
485 4618 576 4670 eodem.

122 4705 188 4757 t'exit
197 4715 222 4756 te
231 4709 353 4757 Macetum
367 4709 452 4773 tellus,
466 4709 580 4775 Euripide
594 4725 600 4758 ι
612 4725 695 4758 serum

152 4794 225 4844 lituis
236 4792 299 4843 hane
310 4809 405 4844 omnem
419 4804 494 4844 tantus
509 4795 540 4844 ab
554 4795 607 4860 igne
617 4796 693 4845 toris.

122 4875 215 4942 Quippe
224 4885 262 4927 ter
278 4876 392 4942 effulgens
402 4877 502 4926 flammis
514 4875 633 4941 regalibus
646 4875 719 4926 aether

153 4961 223 5024 Quod
232 4961 307 5026 jactet
321 4962 440 5011 tumulum
459 4961 515 5011 sinit
529 4959 618 5010 habere
631 4959 700 5009 nihil.

412 5063 453 5112 5ο.
468 5077 614 5121 sanarum,

446 5143 476 5193 de
487 5143 577 5195 eodem.

123 5223 198 5286 Qum
210 5223 298 5274 trivere
313 5225 385 5292 pedes
398 5225 531 5292 Euripidis,
544 5224 606 5274 itanc
622 5224 680 5281 tibi,
695 5223 800 5289 ‹piisquis

979 4002 1091 4051 Carmine
1101 4001 1136 4049 uis
1148 3999 1229 4062 nosci,
1245 4013 1338 4048 sumere
1352 4014 1423 4064 pareo
1433 3999 1503 4049 viam.

946 4089 1049 4150 Aspsectu
1059 4082 1117 4132 ieris
1129 4091 1165 4131 est
1176 4082 1213 4130 ria
1226 4081 1354 4148 planaque,
1366 4080 1407 4128 sed
1419 4079 1489 4129 simul
1500 4079 1535 4128 ire

978 4167 1082 4232 Incipis,
1098 4165 1176 4215 aeratis
1190 4162 1274 4212 durior
1285 4169 1320 4212 est
1331 4161 1439 4211 sudibus.

1257 4279 1298 4326 δι.
1312 4292 1409 4337 anuas,

1263 4378 1293 4429 de
1309 4377 1400 4429 eodem.

944 4486 996 4533 Non
1010 4480 1094 4531 mortis
1108 4479 1153 4530 tibi
1165 4494 1233 4528 eausa
1248 4493 1328 4535 canes,
1346 4476 1460 4544 Euripida
1473 4493 1479 4526 ι
1494 4475 1534 4524 sed
1544 4491 1588 4525 nee

863 4595 865 4600 .
975 4565 1113 4620 Feminam,
1127 4567 1245 4612 Venerem
1258 4561 1315 4611 dum
1324 4560 1382 4626 iugis
1395 4560 1444 4626 ipse
1453 4596 1461 4622 ‚
1471 4558 1547 4608 lusor.

942 4646 1059 4697 Subduxit
1068 4645 1134 4695 senio
1143 4654 1167 4696 te
1176 4659 1240 4694 mora
1255 4659 1262 4694 ι
1275 4641 1394 4694 Arethusa
1404 4640 1557 4709 sepulchrum

976 4729 1101 4780 habuit:
1119 4728 1227 4779 immensi
1242 4726 1332 4778 ieoerat
1343 4724 1482 4776 archelaos.

943 4815 993 4864 Nec
1005 4822 1059 4863 tuus
1071 4811 1111 4862 hio
1123 4813 1227 4862 tumulus
1240 4826 1279 4860 me
1289 4810 1368 4876 judice
1381 4825 1388 4860 ι
1402 4809 1441 4859 aed
1453 4825 1518 4860 sacra
1531 4807 1622 4858 llnrclm

977 4895 1056 4945 Vestia
1063 4933 1071 4960 ,
1083 4905 1108 4945 et
1121 4895 1145 4944 in
1157 4911 1225 4944 scena
1238 4902 1332 4960 tempus
1341 4893 1366 4942 in
1376 4909 1447 4943 omne
1459 4892 1534 4942 iason.

1234 5011 1274 5059 ⁵2.
1292 5025 1428 5070 σιιιιιιαοι,

1253 5113 1283 5162 de
1292 5111 1406 5164 Hesiodo.

944 5219 1062 5272 Carminis
1073 5220 1208 5270 immortale
1219 5219 1302 5282 decus,
1313 5219 1458 5283 Grajrlmque
1469 5227 1582 5264 coronam
