<?xml version="1.0" encoding="UTF-8"?>
<!DOCTYPE html PUBLIC "-//W3C//DTD XHTML 1.0 Transitional//EN"
    "http://www.w3.org/TR/xhtml1/DTD/xhtml1-transitional.dtd">
<html xmlns="http://www.w3.org/1999/xhtml" xml:lang="en" lang="en">
 <head>
  <title>
</title>
<meta http-equiv="Content-Type" content="text/html;charset=utf-8" />
  <meta name='ocr-system' content='tesseract 3.04.00' />
  <meta name='ocr-capabilities' content='ocr_page ocr_carea ocr_par ocr_line ocrx_word'/>
</head>
<body>
  <div class='ocr_page' id='page_1' title='image "./epigrammatumant01couggoog/epigrammatumant01couggoog_0137.png"; bbox 0 0 3940 5952; ppageno 0'>
   <div class='ocr_carea' id='block_1_1' title="bbox 189 419 247 478">
    <p class='ocr_par' dir='ltr' id='par_1_1' title="bbox 189 419 247 478">
     <span class='ocr_line' id='line_1_1' title="bbox 189 419 247 478; baseline 0.017 -2"><span class='ocrx_word' id='word_1_1' title='bbox 189 419 247 478; x_wconf 66' lang='lat'>{02</span> 
     </span>
    </p>
   </div>
   <div class='ocr_carea' id='block_1_2' title="bbox 146 539 917 890">
    <p class='ocr_par' dir='ltr' id='par_1_2' title="bbox 146 539 917 890">
     <span class='ocr_line' id='line_1_2' title="bbox 229 539 744 624; baseline 0.006 -23"><span class='ocrx_word' id='word_1_2' title='bbox 229 539 385 611; x_wconf 79' lang='grc' dir='ltr'>ἔξισάλαὶας</span> <span class='ocrx_word' id='word_1_3' title='bbox 400 541 464 617; x_wconf 80' lang='grc' dir='ltr'>δλην</span> <span class='ocrx_word' id='word_1_4' title='bbox 479 541 576 619; x_wconf 82' lang='grc' dir='ltr'>θάμόεϊ</span> <span class='ocrx_word' id='word_1_5' title='bbox 589 545 744 624; x_wconf 79' lang='grc' dir='ltr'>ρανταοόην,</span> 
     </span>
     <span class='ocr_line' id='line_1_3' title="bbox 188 630 917 718; baseline 0.008 -28"><span class='ocrx_word' id='word_1_6' title='bbox 188 631 233 690; x_wconf 84' lang='grc' dir='ltr'>καὶ</span> <span class='ocrx_word' id='word_1_7' title='bbox 247 630 367 712; x_wconf 84' lang='grc' dir='ltr'>τρομέω,</span> <span class='ocrx_word' id='word_1_8' title='bbox 381 631 477 712; x_wconf 76' lang='grc' dir='ltr'>κραδίη</span> <span class='ocrx_word' id='word_1_9' title='bbox 491 656 519 692; x_wconf 87' lang='grc' dir='ltr'>τι</span> <span class='ocrx_word' id='word_1_10' title='bbox 537 635 607 713; x_wconf 80' lang='grc' dir='ltr'>βυθῷ</span> <span class='ocrx_word' id='word_1_11' title='bbox 621 635 789 711; x_wconf 79' lang='grc' dir='ltr'>πελιμίζεται</span> <span class='ocrx_word' id='word_1_12' title='bbox 804 635 899 718; x_wconf 81' lang='grc' dir='ltr'>οἴστρῳ</span> <span class='ocrx_word' id='word_1_13' title='bbox 907 682 917 712; x_wconf 90' lang='grc'>,</span> 
     </span>
     <span class='ocr_line' id='line_1_4' title="bbox 227 716 747 802; baseline 0.01 -25"><span class='ocrx_word' id='word_1_14' title='bbox 227 722 314 800; x_wconf 74' lang='grc' dir='ltr'>ψυχῆς</span> <span class='ocrx_word' id='word_1_15' title='bbox 326 716 484 797; x_wconf 82' lang='grc' dir='ltr'>πνιγομένης</span> <span class='ocrx_word' id='word_1_16' title='bbox 497 718 596 796; x_wconf 80' lang='grc' dir='ltr'>κύματι</span> <span class='ocrx_word' id='word_1_17' title='bbox 609 721 747 802; x_wconf 86' lang='grc' dir='ltr'>κυπριδέιρ.</span> 
     </span>
     <span class='ocr_line' id='line_1_5' title="bbox 146 805 819 890; baseline 0.016 -30"><span class='ocrx_word' id='word_1_18' title='bbox 146 815 162 860; x_wconf 73' lang='grc'><strong>5</strong></span> <span class='ocrx_word' id='word_1_19' title='bbox 189 808 258 870; x_wconf 87' lang='grc' dir='ltr'>Ἀλλ’</span> <span class='ocrx_word' id='word_1_20' title='bbox 272 807 318 888; x_wconf 77' lang='lat' dir='ltr'>ipsi</span> <span class='ocrx_word' id='word_1_21' title='bbox 333 807 377 866; x_wconf 86' lang='grc' dir='ltr'>τδν</span> <span class='ocrx_word' id='word_1_22' title='bbox 392 805 505 885; x_wconf 84' lang='grc' dir='ltr'>ναυηγδν</span> <span class='ocrx_word' id='word_1_23' title='bbox 520 810 561 866; x_wconf 75' lang='grc' dir='ltr'>ἐπ’</span> <span class='ocrx_word' id='word_1_24' title='bbox 574 808 693 887; x_wconf 70' lang='grc' dir='ltr'>ἠπείροιο</span> <span class='ocrx_word' id='word_1_25' title='bbox 707 811 819 890; x_wconf 75' lang='grc' dir='ltr'>φανέντα</span> 
     </span>
    </p>
   </div>
   <div class='ocr_carea' id='block_1_3' title="bbox 228 894 749 973">
    <p class='ocr_par' dir='ltr' id='par_1_3' title="bbox 228 894 749 973">
     <span class='ocr_line' id='line_1_6' title="bbox 228 894 749 973; baseline 0.004 -16"><span class='ocrx_word' id='word_1_26' title='bbox 228 900 293 971; x_wconf 81' lang='grc' dir='ltr'>τῶι,</span> <span class='ocrx_word' id='word_1_27' title='bbox 306 898 370 955; x_wconf 81' lang='grc' dir='ltr'>τεῶν</span> <span class='ocrx_word' id='word_1_28' title='bbox 385 894 499 971; x_wconf 76' lang='grc' dir='ltr'>λιμένων</span> <span class='ocrx_word' id='word_1_29' title='bbox 513 894 596 955; x_wconf 79' lang='grc' dir='ltr'>ἔνδοθι</span> <span class='ocrx_word' id='word_1_30' title='bbox 609 895 749 973; x_wconf 77' lang='grc' dir='ltr'>δεξαμένη.</span> 
     </span>
    </p>
   </div>
   <div class='ocr_carea' id='block_1_4' title="bbox 268 1039 855 1102">
    <p class='ocr_par' dir='ltr' id='par_1_4' title="bbox 268 1039 855 1102">
     <span class='ocr_line' id='line_1_7' title="bbox 268 1039 855 1102; baseline 0.007 -6"><span class='ocrx_word' id='word_1_31' title='bbox 268 1041 272 1051; x_wconf 97' lang='grc'>’</span> <span class='ocrx_word' id='word_1_32' title='bbox 298 1046 368 1100; x_wconf 75' lang='lat'>236.</span> <span class='ocrx_word' id='word_1_33' title='bbox 392 1039 551 1099; x_wconf 73' lang='grc' dir='ltr'><strong>ΠΑΥΑΟΥ</strong></span> <span class='ocrx_word' id='word_1_34' title='bbox 572 1040 855 1102; x_wconf 79' lang='grc' dir='ltr'><strong>ΣΙΛΕΝΤΙΑΡΙΟΥ.</strong></span> 
     </span>
    </p>
   </div>
   <div class='ocr_carea' id='block_1_5' title="bbox 182 1177 896 1882">
    <p class='ocr_par' dir='ltr' id='par_1_5' title="bbox 186 1177 888 1352">
     <span class='ocr_line' id='line_1_8' title="bbox 186 1177 888 1262; baseline 0.003 -20"><span class='ocrx_word' id='word_1_35' title='bbox 186 1179 242 1242; x_wconf 75' lang='grc' dir='ltr'>Ναὶ</span> <span class='ocrx_word' id='word_1_36' title='bbox 254 1177 324 1260; x_wconf 88' lang='grc' dir='ltr'>τάχα</span> <span class='ocrx_word' id='word_1_37' title='bbox 336 1179 491 1253; x_wconf 86' lang='grc' dir='ltr'>Τανταλέης</span> <span class='ocrx_word' id='word_1_38' title='bbox 507 1179 657 1262; x_wconf 72' lang='grc' dir='ltr'>Ἀχερόντιον</span> <span class='ocrx_word' id='word_1_39' title='bbox 671 1181 782 1260; x_wconf 72' lang='grc' dir='ltr'>πήματα</span> <span class='ocrx_word' id='word_1_40' title='bbox 796 1188 888 1256; x_wconf 82' lang='grc' dir='ltr'>ποινῆς</span> 
     </span>
     <span class='ocr_line' id='line_1_9' title="bbox 225 1268 732 1352; baseline 0.002 -24"><span class='ocrx_word' id='word_1_41' title='bbox 225 1269 360 1350; x_wconf 73' lang='grc' dir='ltr'>ἡμετέρων</span> <span class='ocrx_word' id='word_1_42' title='bbox 377 1269 464 1349; x_wconf 76' lang='grc' dir='ltr'>ἀχέων</span> <span class='ocrx_word' id='word_1_43' title='bbox 479 1268 549 1330; x_wconf 74' lang='grc' dir='ltr'>ἐστὶν</span> <span class='ocrx_word' id='word_1_44' title='bbox 561 1270 732 1352; x_wconf 76' lang='grc' dir='ltr'>ἐλαφρότερα.</span> 
     </span>
    </p>

    <p class='ocr_par' dir='ltr' id='par_1_6' title="bbox 185 1355 886 1526">
     <span class='ocr_line' id='line_1_10' title="bbox 185 1355 886 1440; baseline 0.007 -27"><span class='ocrx_word' id='word_1_45' title='bbox 185 1358 225 1418; x_wconf 78' lang='grc' dir='ltr'>Οὐ</span> <span class='ocrx_word' id='word_1_46' title='bbox 237 1355 288 1437; x_wconf 77' lang='grc' dir='ltr'>γὰρ</span> <span class='ocrx_word' id='word_1_47' title='bbox 303 1355 364 1415; x_wconf 75' lang='lat' dir='ltr'>litu</span> <span class='ocrx_word' id='word_1_48' title='bbox 381 1357 425 1416; x_wconf 90' lang='grc' dir='ltr'>σέο</span> <span class='ocrx_word' id='word_1_49' title='bbox 439 1355 548 1428; x_wconf 88' lang='grc' dir='ltr'>κάλλος,</span> <span class='ocrx_word' id='word_1_50' title='bbox 562 1358 701 1438; x_wconf 81' lang='grc' dir='ltr'>άπιέργιτσ</span> <span class='ocrx_word' id='word_1_51' title='bbox 709 1358 801 1440; x_wconf 82' lang='grc' dir='ltr'>χιέλεα</span> <span class='ocrx_word' id='word_1_52' title='bbox 813 1359 886 1437; x_wconf 78' lang='grc' dir='ltr'>μύξαι</span> 
     </span>
     <span class='ocr_line' id='line_1_11' title="bbox 223 1442 820 1526; baseline 0 -22"><span class='ocrx_word' id='word_1_53' title='bbox 223 1445 308 1526; x_wconf 59' lang='lat' dir='ltr'>pellit</span> <span class='ocrx_word' id='word_1_54' title='bbox 319 1447 371 1526; x_wconf 85' lang='grc' dir='ltr'>σῷ,</span> <span class='ocrx_word' id='word_1_55' title='bbox 384 1442 479 1526; x_wconf 76' lang='grc' dir='ltr'>βοδέων</span> <span class='ocrx_word' id='word_1_56' title='bbox 492 1443 625 1526; x_wconf 79' lang='grc' dir='ltr'>δόροτέρῳ</span> <span class='ocrx_word' id='word_1_57' title='bbox 637 1445 768 1520; x_wconf 86' lang='grc' dir='ltr'>καλύκων,</span> <span class='ocrx_word' id='word_1_58' title='bbox 818 1497 820 1504; x_wconf 79' lang='grc'>,</span> 
     </span>
    </p>

    <p class='ocr_par' dir='ltr' id='par_1_7' title="bbox 184 1532 896 1703">
     <span class='ocr_line' id='line_1_12' title="bbox 184 1532 896 1614; baseline 0 -19"><span class='ocrx_word' id='word_1_59' title='bbox 184 1535 321 1601; x_wconf 77' lang='grc' dir='ltr'>Τάνταλος</span> <span class='ocrx_word' id='word_1_60' title='bbox 335 1533 539 1613; x_wconf 87' lang='grc' dir='ltr'>άκριτόδακρυς,</span> <span class='ocrx_word' id='word_1_61' title='bbox 555 1532 747 1614; x_wconf 76' lang='grc' dir='ltr'>ὑπερτέλλοντα</span> <span class='ocrx_word' id='word_1_62' title='bbox 762 1535 790 1596; x_wconf 79' lang='lat' dir='ltr'>di</span> <span class='ocrx_word' id='word_1_63' title='bbox 802 1536 896 1613; x_wconf 89' lang='grc' dir='ltr'>πέτρον</span> 
     </span>
     <span class='ocr_line' id='line_1_13' title="bbox 224 1621 822 1703; baseline 0.007 -22"><span class='ocrx_word' id='word_1_64' title='bbox 224 1623 325 1681; x_wconf 83' lang='grc' dir='ltr'>δεύδιτν·</span> <span class='ocrx_word' id='word_1_65' title='bbox 340 1621 408 1682; x_wconf 79' lang='lat' dir='ltr'>titi</span> <span class='ocrx_word' id='word_1_66' title='bbox 423 1627 508 1682; x_wconf 86' lang='grc' dir='ltr'>θανεῖν</span> <span class='ocrx_word' id='word_1_67' title='bbox 525 1622 643 1703; x_wconf 76' lang='grc' dir='ltr'>δεύτερον</span> <span class='ocrx_word' id='word_1_68' title='bbox 659 1626 688 1683; x_wconf 85' lang='grc' dir='ltr'>οὗ</span> <span class='ocrx_word' id='word_1_69' title='bbox 704 1623 822 1686; x_wconf 90' lang='grc' dir='ltr'>δύναται.</span> 
     </span>
    </p>

    <p class='ocr_par' dir='ltr' id='par_1_8' title="bbox 182 1707 866 1882">
     <span class='ocr_line' id='line_1_14' title="bbox 182 1707 866 1794; baseline 0.007 -26"><span class='ocrx_word' id='word_1_70' title='bbox 182 1710 275 1791; x_wconf 78' lang='grc' dir='ltr'>Αὐτὰρ</span> <span class='ocrx_word' id='word_1_71' title='bbox 288 1707 340 1788; x_wconf 82' lang='grc' dir='ltr'>έγθι</span> <span class='ocrx_word' id='word_1_72' title='bbox 352 1708 416 1778; x_wconf 68' lang='lat' dir='ltr'>(orbs</span> <span class='ocrx_word' id='word_1_73' title='bbox 428 1711 475 1788; x_wconf 79' lang='lat' dir='ltr'>pis</span> <span class='ocrx_word' id='word_1_74' title='bbox 491 1709 539 1769; x_wconf 83' lang='grc' dir='ltr'>έδιν</span> <span class='ocrx_word' id='word_1_75' title='bbox 555 1707 742 1790; x_wconf 68' lang='grc' dir='ltr'>κατατήκομαι</span> <span class='ocrx_word' id='word_1_76' title='bbox 754 1712 866 1794; x_wconf 73' lang='grc' dir='ltr'>οἴστρῳ,</span> 
     </span>
     <span class='ocr_line' id='line_1_15' title="bbox 223 1797 802 1882; baseline 0.007 -26"><span class='ocrx_word' id='word_1_77' title='bbox 223 1799 253 1856; x_wconf 75' lang='lat' dir='ltr'>ix</span> <span class='ocrx_word' id='word_1_78' title='bbox 266 1799 289 1856; x_wconf 88' lang='grc' dir='ltr'>δ’</span> <span class='ocrx_word' id='word_1_79' title='bbox 304 1797 483 1879; x_wconf 80' lang='grc' dir='ltr'>θλιγοδρανόης</span> <span class='ocrx_word' id='word_1_80' title='bbox 497 1799 543 1858; x_wconf 83' lang='grc' dir='ltr'>καλ</span> <span class='ocrx_word' id='word_1_81' title='bbox 556 1798 638 1882; x_wconf 83' lang='grc' dir='ltr'>μόρον</span> <span class='ocrx_word' id='word_1_82' title='bbox 651 1799 726 1878; x_wconf 77' lang='grc' dir='ltr'>ἔγγὺς</span> <span class='ocrx_word' id='word_1_83' title='bbox 738 1800 802 1880; x_wconf 73' lang='grc' dir='ltr'>ἔχω.</span> 
     </span>
    </p>
   </div>
   <div class='ocr_carea' id='block_1_6' title="bbox 184 1901 963 2005">
    <p class='ocr_par' dir='ltr' id='par_1_9' title="bbox 184 1901 963 2005">
     <span class='ocr_line' id='line_1_16' title="bbox 184 1901 963 2005; baseline 0.003 -5"><span class='ocrx_word' id='word_1_84' title='bbox 184 1949 252 2002; x_wconf 77' lang='grc' dir='ltr'>ων.</span> <span class='ocrx_word' id='word_1_85' title='bbox 262 1941 427 2002; x_wconf 74' lang='lat' dir='ltr'>tristor</span> <span class='ocrx_word' id='word_1_86' title='bbox 442 1941 659 2003; x_wconf 81' lang='grc' dir='ltr'>ιιννινιιιον</span> <span class='ocrx_word' id='word_1_87' title='bbox 672 1901 963 2005; x_wconf 68' lang='lat' dir='ltr'>inclinatior.</span> 
     </span>
    </p>
   </div>
   <div class='ocr_carea' id='block_1_7' title="bbox 77 2076 950 3138">
    <p class='ocr_par' dir='ltr' id='par_1_10' title="bbox 77 2076 950 3138">
     <span class='ocr_line' id='line_1_17' title="bbox 182 2076 892 2168; baseline 0.008 -28"><span class='ocrx_word' id='word_1_88' title='bbox 182 2082 278 2141; x_wconf 75' lang='grc' dir='ltr'>Πᾶσαν</span> <span class='ocrx_word' id='word_1_89' title='bbox 294 2081 345 2162; x_wconf 75' lang='grc' dir='ltr'>ἐγὼ</span> <span class='ocrx_word' id='word_1_90' title='bbox 358 2081 406 2155; x_wconf 75' lang='grc' dir='ltr'>τὴν</span> <span class='ocrx_word' id='word_1_91' title='bbox 421 2083 502 2144; x_wconf 80' lang='grc' dir='ltr'>νύκτα</span> <span class='ocrx_word' id='word_1_92' title='bbox 515 2083 670 2165; x_wconf 89' lang='grc' dir='ltr'>κινύρομαι·</span> <span class='ocrx_word' id='word_1_93' title='bbox 686 2076 745 2144; x_wconf 74' lang='grc' dir='ltr'>τότε</span> <span class='ocrx_word' id='word_1_94' title='bbox 759 2084 782 2144; x_wconf 88' lang='grc' dir='ltr'>δ’</span> <span class='ocrx_word' id='word_1_95' title='bbox 795 2086 892 2168; x_wconf 75' lang='grc' dir='ltr'>ἐπέλθῃ</span> 
     </span>
     <span class='ocr_line' id='line_1_18' title="bbox 222 2171 735 2253; baseline 0 -21"><span class='ocrx_word' id='word_1_96' title='bbox 222 2171 311 2252; x_wconf 77' lang='grc' dir='ltr'>ὄρθρος</span> <span class='ocrx_word' id='word_1_97' title='bbox 325 2174 440 2232; x_wconf 81' lang='grc' dir='ltr'>έλινῦοαι</span> <span class='ocrx_word' id='word_1_98' title='bbox 452 2173 535 2253; x_wconf 75' lang='grc' dir='ltr'>μικρὰ</span> <span class='ocrx_word' id='word_1_99' title='bbox 549 2173 735 2253; x_wconf 78' lang='grc' dir='ltr'>χαριζόμενος,</span> 
     </span>
     <span class='ocr_line' id='line_1_19' title="bbox 182 2259 813 2343; baseline 0.008 -24"><span class='ocrx_word' id='word_1_100' title='bbox 182 2259 433 2342; x_wconf 76' lang='grc' dir='ltr'>άμριπεριτρύζουσι</span> <span class='ocrx_word' id='word_1_101' title='bbox 446 2260 592 2342; x_wconf 78' lang='grc' dir='ltr'>χελιδόνες,</span> <span class='ocrx_word' id='word_1_102' title='bbox 607 2263 631 2330; x_wconf 82' lang='grc' dir='ltr'>ές</span> <span class='ocrx_word' id='word_1_103' title='bbox 643 2260 671 2319; x_wconf 85' lang='grc' dir='ltr'>δέ</span> <span class='ocrx_word' id='word_1_104' title='bbox 682 2285 716 2338; x_wconf 83' lang='grc' dir='ltr'>με</span> <span class='ocrx_word' id='word_1_105' title='bbox 729 2263 813 2343; x_wconf 88' lang='grc' dir='ltr'>δάκρυ</span> 
     </span>
     <span class='ocr_line' id='line_1_20' title="bbox 222 2347 818 2430; baseline 0.008 -23"><span class='ocrx_word' id='word_1_106' title='bbox 222 2347 375 2428; x_wconf 77' lang='grc' dir='ltr'>βάλλουσιν,</span> <span class='ocrx_word' id='word_1_107' title='bbox 387 2349 511 2429; x_wconf 79' lang='grc' dir='ltr'>γλυκερόν</span> <span class='ocrx_word' id='word_1_108' title='bbox 526 2353 604 2428; x_wconf 85' lang='grc' dir='ltr'>κῶμα</span> <span class='ocrx_word' id='word_1_109' title='bbox 617 2350 818 2430; x_wconf 81' lang='grc' dir='ltr'>παρωσάμενοι.</span> 
     </span>
     <span class='ocr_line' id='line_1_21' title="bbox 142 2434 950 2518; baseline 0.004 -22"><span class='ocrx_word' id='word_1_110' title='bbox 142 2457 155 2496; x_wconf 82' lang='lat' dir='ltr'>o</span> <span class='ocrx_word' id='word_1_111' title='bbox 181 2434 314 2513; x_wconf 85' lang='grc' dir='ltr'>Ὀμματα</span> <span class='ocrx_word' id='word_1_112' title='bbox 333 2436 357 2495; x_wconf 88' lang='grc' dir='ltr'>δ’</span> <span class='ocrx_word' id='word_1_113' title='bbox 368 2440 397 2498; x_wconf 81' lang='grc' dir='ltr'>οὐ</span> <span class='ocrx_word' id='word_1_114' title='bbox 410 2437 421 2463; x_wconf 76' lang='lat'>&#39;</span> <span class='ocrx_word' id='word_1_115' title='bbox 436 2437 534 2498; x_wconf 88' lang='grc' dir='ltr'>λάοντα</span> <span class='ocrx_word' id='word_1_116' title='bbox 546 2437 721 2518; x_wconf 80' lang='grc' dir='ltr'>φυλάσσεται·</span> <span class='ocrx_word' id='word_1_117' title='bbox 735 2443 752 2512; x_wconf 76' lang='grc' dir='ltr'>ἡ</span> <span class='ocrx_word' id='word_1_118' title='bbox 767 2439 794 2498; x_wconf 82' lang='grc' dir='ltr'>δέ</span> <span class='ocrx_word' id='word_1_119' title='bbox 809 2438 950 2513; x_wconf 85' lang='grc' dir='ltr'>Ῥοδάνθης</span> 
     </span>
     <span class='ocr_line' id='line_1_22' title="bbox 223 2515 830 2609; baseline 0.005 -24"><span class='ocrx_word' id='word_1_120' title='bbox 223 2515 295 2593; x_wconf 77' lang='grc' dir='ltr'>αύθις</span> <span class='ocrx_word' id='word_1_121' title='bbox 307 2529 378 2606; x_wconf 78' lang='grc' dir='ltr'>ἐμοῖς</span> <span class='ocrx_word' id='word_1_122' title='bbox 389 2525 504 2607; x_wconf 85' lang='grc' dir='ltr'>στέρνοις</span> <span class='ocrx_word' id='word_1_123' title='bbox 517 2527 620 2609; x_wconf 70' lang='grc' dir='ltr'>φροντὶς</span> <span class='ocrx_word' id='word_1_124' title='bbox 632 2527 830 2608; x_wconf 74' lang='grc' dir='ltr'>ἀναστρέφεται.</span> 
     </span>
     <span class='ocr_line' id='line_1_23' title="bbox 180 2606 887 2697; baseline 0 -21"><span class='ocrx_word' id='word_1_125' title='bbox 180 2606 217 2676; x_wconf 82' lang='grc' dir='ltr'>Ὦ</span> <span class='ocrx_word' id='word_1_126' title='bbox 232 2615 353 2696; x_wconf 78' lang='grc' dir='ltr'>φθονεραλ</span> <span class='ocrx_word' id='word_1_127' title='bbox 364 2613 501 2674; x_wconf 81' lang='grc' dir='ltr'>παύσασθε</span> <span class='ocrx_word' id='word_1_128' title='bbox 514 2615 680 2696; x_wconf 83' lang='grc' dir='ltr'>λαλητρέδις·</span> <span class='ocrx_word' id='word_1_129' title='bbox 695 2617 725 2676; x_wconf 82' lang='grc' dir='ltr'>οὗ</span> <span class='ocrx_word' id='word_1_130' title='bbox 740 2616 791 2696; x_wconf 79' lang='grc' dir='ltr'>γὰρ</span> <span class='ocrx_word' id='word_1_131' title='bbox 805 2617 887 2697; x_wconf 77' lang='grc' dir='ltr'>ἔγωγε</span> 
     </span>
     <span class='ocr_line' id='line_1_24' title="bbox 220 2701 807 2785; baseline 0 -23"><span class='ocrx_word' id='word_1_132' title='bbox 220 2703 268 2776; x_wconf 72' lang='grc' dir='ltr'>τὴν</span> <span class='ocrx_word' id='word_1_133' title='bbox 282 2701 465 2782; x_wconf 85' lang='grc' dir='ltr'>Φιλομηλιέην</span> <span class='ocrx_word' id='word_1_134' title='bbox 476 2706 599 2783; x_wconf 82' lang='grc' dir='ltr'>γλῶσσαν</span> <span class='ocrx_word' id='word_1_135' title='bbox 614 2705 807 2785; x_wconf 84' lang='grc' dir='ltr'>άπεθρισάμην·</span> 
     </span>
     <span class='ocr_line' id='line_1_25' title="bbox 180 2789 842 2871; baseline -0.003 -17"><span class='ocrx_word' id='word_1_136' title='bbox 180 2792 239 2854; x_wconf 78' lang='grc' dir='ltr'>ἀλλ’</span> <span class='ocrx_word' id='word_1_137' title='bbox 251 2789 357 2854; x_wconf 85' lang='grc' dir='ltr'>Ἴτυλον</span> <span class='ocrx_word' id='word_1_138' title='bbox 369 2790 486 2852; x_wconf 79' lang='grc' dir='ltr'>κλαύοιττ</span> <span class='ocrx_word' id='word_1_139' title='bbox 499 2789 560 2851; x_wconf 84' lang='grc' dir='ltr'>κατ’</span> <span class='ocrx_word' id='word_1_140' title='bbox 573 2793 651 2871; x_wconf 83' lang='grc' dir='ltr'>οὔρεα</span> <span class='ocrx_word' id='word_1_141' title='bbox 661 2838 669 2866; x_wconf 91' lang='grc'>,</span> <span class='ocrx_word' id='word_1_142' title='bbox 680 2792 726 2852; x_wconf 80' lang='grc' dir='ltr'>καὶ</span> <span class='ocrx_word' id='word_1_143' title='bbox 739 2792 842 2871; x_wconf 85' lang='grc' dir='ltr'>γοάοιτε</span> 
     </span>
     <span class='ocr_line' id='line_1_26' title="bbox 77 2871 769 2961; baseline 0.006 -25"><span class='ocrx_word' id='word_1_144' title='bbox 77 2915 80 2922; x_wconf 88' lang='lat'>·</span> <span class='ocrx_word' id='word_1_145' title='bbox 140 2894 165 2936; x_wconf 88' lang='lat' dir='ltr'>to</span> <span class='ocrx_word' id='word_1_146' title='bbox 219 2883 255 2950; x_wconf 77' lang='grc' dir='ltr'>εἰς</span> <span class='ocrx_word' id='word_1_147' title='bbox 268 2879 364 2948; x_wconf 73' lang='grc' dir='ltr'>ἔποπος</span> <span class='ocrx_word' id='word_1_148' title='bbox 376 2879 493 2961; x_wconf 77' lang='grc' dir='ltr'>κραναὴν</span> <span class='ocrx_word' id='word_1_149' title='bbox 509 2871 584 2940; x_wconf 72' lang='lat' dir='ltr'>odies</span> <span class='ocrx_word' id='word_1_150' title='bbox 599 2880 769 2961; x_wconf 77' lang='grc' dir='ltr'>ἐριζόμενοι,</span> 
     </span>
     <span class='ocr_line' id='line_1_27' title="bbox 178 2965 860 3050; baseline 0.001 -23"><span class='ocrx_word' id='word_1_151' title='bbox 178 2967 253 3047; x_wconf 83' lang='grc' dir='ltr'>βαιὸν</span> <span class='ocrx_word' id='word_1_152' title='bbox 265 2965 308 3026; x_wconf 74' lang='grc' dir='ltr'>ἵνα</span> <span class='ocrx_word' id='word_1_153' title='bbox 322 2967 493 3046; x_wconf 82' lang='grc' dir='ltr'>κνόισσοιμεν·</span> <span class='ocrx_word' id='word_1_154' title='bbox 507 2968 570 3037; x_wconf 79' lang='grc' dir='ltr'>ἴσως</span> <span class='ocrx_word' id='word_1_155' title='bbox 584 2968 614 3029; x_wconf 79' lang='grc' dir='ltr'>δέ</span> <span class='ocrx_word' id='word_1_156' title='bbox 629 2992 667 3036; x_wconf 91' lang='grc' dir='ltr'>τις</span> <span class='ocrx_word' id='word_1_157' title='bbox 680 2968 736 3040; x_wconf 78' lang='grc' dir='ltr'>ἥξει</span> <span class='ocrx_word' id='word_1_158' title='bbox 748 2968 860 3050; x_wconf 85' lang='grc' dir='ltr'>όνειρος,</span> 
     </span>
     <span class='ocr_line' id='line_1_28' title="bbox 217 3055 776 3138; baseline 0.005 -24"><span class='ocrx_word' id='word_1_159' title='bbox 217 3055 244 3125; x_wconf 73' lang='lat' dir='ltr'>d&lt;</span> <span class='ocrx_word' id='word_1_160' title='bbox 258 3079 292 3134; x_wconf 81' lang='lat' dir='ltr'>pa</span> <span class='ocrx_word' id='word_1_161' title='bbox 303 3055 478 3123; x_wconf 82' lang='grc' dir='ltr'>Ῥοδανθεέοις</span> <span class='ocrx_word' id='word_1_162' title='bbox 490 3055 603 3138; x_wconf 79' lang='grc' dir='ltr'>πήχεσιν</span> <span class='ocrx_word' id='word_1_163' title='bbox 619 3055 776 3137; x_wconf 81' lang='grc' dir='ltr'>άμριόάλοι.</span> 
     </span>
    </p>
   </div>
   <div class='ocr_carea' id='block_1_8' title="bbox 297 3199 835 3261">
    <p class='ocr_par' dir='ltr' id='par_1_11' title="bbox 297 3199 835 3261">
     <span class='ocr_line' id='line_1_29' title="bbox 297 3199 835 3261; baseline -0.004 -1"><span class='ocrx_word' id='word_1_164' title='bbox 297 3199 641 3261; x_wconf 76' lang='lat' dir='ltr'>nae.ttlltttn01ttot</span> <span class='ocrx_word' id='word_1_165' title='bbox 669 3199 835 3259; x_wconf 73' lang='lat' dir='ltr'>illator.</span> 
     </span>
    </p>
   </div>
   <div class='ocr_carea' id='block_1_9' title="bbox 60 3339 903 3948">
    <p class='ocr_par' dir='ltr' id='par_1_12' title="bbox 176 3339 898 3512">
     <span class='ocr_line' id='line_1_30' title="bbox 176 3339 898 3422; baseline -0.003 -22"><span class='ocrx_word' id='word_1_166' title='bbox 176 3341 215 3401; x_wconf 80' lang='lat' dir='ltr'>&#39;lt</span> <span class='ocrx_word' id='word_1_167' title='bbox 232 3339 299 3422; x_wconf 79' lang='grc' dir='ltr'>ξέρος</span> <span class='ocrx_word' id='word_1_168' title='bbox 314 3343 345 3402; x_wconf 74' lang='grc' dir='ltr'>ἐκ</span> <span class='ocrx_word' id='word_1_169' title='bbox 359 3343 459 3402; x_wconf 87' lang='grc' dir='ltr'>κολεοῖο</span> <span class='ocrx_word' id='word_1_170' title='bbox 472 3340 633 3421; x_wconf 77' lang='lat' dir='ltr'>rindpsrn13</span> <span class='ocrx_word' id='word_1_171' title='bbox 647 3343 677 3399; x_wconf 86' lang='grc' dir='ltr'>οὐ</span> <span class='ocrx_word' id='word_1_172' title='bbox 690 3339 729 3419; x_wconf 77' lang='grc' dir='ltr'>μθ</span> <span class='ocrx_word' id='word_1_173' title='bbox 740 3340 786 3410; x_wconf 81' lang='grc' dir='ltr'>σέ,</span> <span class='ocrx_word' id='word_1_174' title='bbox 796 3339 898 3420; x_wconf 89' lang='grc' dir='ltr'>κούρη,</span> 
     </span>
     <span class='ocr_line' id='line_1_31' title="bbox 215 3428 774 3512; baseline 0 -24"><span class='ocrx_word' id='word_1_175' title='bbox 215 3430 265 3509; x_wconf 84' lang='grc' dir='ltr'>οὐχ</span> <span class='ocrx_word' id='word_1_176' title='bbox 276 3428 320 3489; x_wconf 78' lang='grc' dir='ltr'>θνα</span> <span class='ocrx_word' id='word_1_177' title='bbox 336 3453 362 3489; x_wconf 92' lang='grc' dir='ltr'>τι</span> <span class='ocrx_word' id='word_1_178' title='bbox 374 3431 466 3512; x_wconf 79' lang='grc' dir='ltr'>πρήξω</span> <span class='ocrx_word' id='word_1_179' title='bbox 481 3431 612 3510; x_wconf 84' lang='grc' dir='ltr'>Κύπριδος</span> <span class='ocrx_word' id='word_1_180' title='bbox 625 3430 774 3511; x_wconf 78' lang='grc' dir='ltr'>ἀλλότριον,</span> 
     </span>
    </p>

    <p class='ocr_par' dir='ltr' id='par_1_13' title="bbox 176 3513 870 3685">
     <span class='ocr_line' id='line_1_32' title="bbox 176 3513 870 3600; baseline 0.003 -25"><span class='ocrx_word' id='word_1_181' title='bbox 176 3518 234 3576; x_wconf 81' lang='grc' dir='ltr'>ἀλλ’</span> <span class='ocrx_word' id='word_1_182' title='bbox 247 3513 291 3575; x_wconf 73' lang='grc' dir='ltr'>ἵνα</span> <span class='ocrx_word' id='word_1_183' title='bbox 306 3540 348 3578; x_wconf 92' lang='grc' dir='ltr'>σοι</span> <span class='ocrx_word' id='word_1_184' title='bbox 362 3517 406 3578; x_wconf 86' lang='grc' dir='ltr'>τδν</span> <span class='ocrx_word' id='word_1_185' title='bbox 421 3518 522 3600; x_wconf 82' lang='grc' dir='ltr'>Ἄρηα,</span> <span class='ocrx_word' id='word_1_186' title='bbox 536 3519 581 3579; x_wconf 79' lang='grc' dir='ltr'>κοιλ</span> <span class='ocrx_word' id='word_1_187' title='bbox 596 3517 705 3590; x_wconf 81' lang='grc' dir='ltr'>ἀζαλέον</span> <span class='ocrx_word' id='word_1_188' title='bbox 718 3541 767 3598; x_wconf 88' lang='grc' dir='ltr'>πιρ</span> <span class='ocrx_word' id='word_1_189' title='bbox 781 3518 870 3591; x_wconf 81' lang='grc' dir='ltr'>ἐόντα,</span> 
     </span>
     <span class='ocr_line' id='line_1_33' title="bbox 217 3602 771 3685; baseline 0.011 -25"><span class='ocrx_word' id='word_1_190' title='bbox 217 3602 292 3671; x_wconf 65' lang='lat' dir='ltr'>deifici</span> <span class='ocrx_word' id='word_1_191' title='bbox 306 3608 340 3683; x_wconf 82' lang='grc' dir='ltr'>τῇ</span> <span class='ocrx_word' id='word_1_192' title='bbox 353 3607 462 3684; x_wconf 81' lang='grc' dir='ltr'>μαλακῇ</span> <span class='ocrx_word' id='word_1_193' title='bbox 478 3605 593 3685; x_wconf 83' lang='grc' dir='ltr'>Κύπριδι</span> <span class='ocrx_word' id='word_1_194' title='bbox 607 3607 771 3683; x_wconf 79' lang='grc' dir='ltr'>πειθόμενον.</span> 
     </span>
    </p>

    <p class='ocr_par' dir='ltr' id='par_1_14' title="bbox 60 3681 890 3860">
     <span class='ocr_line' id='line_1_34' title="bbox 60 3681 890 3774; baseline -0.002 -23"><span class='ocrx_word' id='word_1_195' title='bbox 60 3763 61 3768; x_wconf 13' lang='lat'>¹</span> <span class='ocrx_word' id='word_1_196' title='bbox 135 3710 140 3722; x_wconf 94' lang='grc'><strong><em>·</em></strong></span> <span class='ocrx_word' id='word_1_197' title='bbox 175 3681 259 3757; x_wconf 68' lang='grc' dir='ltr'>Οὗτος</span> <span class='ocrx_word' id='word_1_198' title='bbox 275 3693 334 3767; x_wconf 83' lang='grc' dir='ltr'>έμολ</span> <span class='ocrx_word' id='word_1_199' title='bbox 347 3691 467 3751; x_wconf 87' lang='grc' dir='ltr'>ποθέοντι</span> <span class='ocrx_word' id='word_1_200' title='bbox 478 3693 656 3774; x_wconf 82' lang='grc' dir='ltr'>συνέμπορος,</span> <span class='ocrx_word' id='word_1_201' title='bbox 669 3692 728 3752; x_wconf 74' lang='grc' dir='ltr'>οὐδὲ</span> <span class='ocrx_word' id='word_1_202' title='bbox 743 3693 890 3771; x_wconf 89' lang='grc' dir='ltr'>κατόπτρου</span> 
     </span>
     <span class='ocr_line' id='line_1_35' title="bbox 214 3778 809 3860; baseline 0.005 -24"><span class='ocrx_word' id='word_1_203' title='bbox 214 3778 338 3856; x_wconf 88' lang='grc' dir='ltr'>δτύομαι,</span> <span class='ocrx_word' id='word_1_204' title='bbox 351 3780 377 3838; x_wconf 79' lang='grc' dir='ltr'>έν</span> <span class='ocrx_word' id='word_1_205' title='bbox 389 3779 412 3839; x_wconf 83' lang='grc' dir='ltr'>δ’</span> <span class='ocrx_word' id='word_1_206' title='bbox 424 3781 495 3860; x_wconf 83' lang='grc' dir='ltr'>αὐτῷ</span> <span class='ocrx_word' id='word_1_207' title='bbox 510 3781 636 3859; x_wconf 87' lang='grc' dir='ltr'>δέρκομαι</span> <span class='ocrx_word' id='word_1_208' title='bbox 648 3780 726 3842; x_wconf 80' lang='grc' dir='ltr'>αὑτὸν</span> <span class='ocrx_word' id='word_1_209' title='bbox 742 3780 809 3858; x_wconf 80' lang='grc' dir='ltr'>ἐγώ·</span> 
     </span>
    </p>

    <p class='ocr_par' dir='ltr' id='par_1_15' title="bbox 172 3864 903 3948">
     <span class='ocr_line' id='line_1_36' title="bbox 172 3864 903 3948; baseline -0.001 -21"><span class='ocrx_word' id='word_1_210' title='bbox 172 3865 219 3927; x_wconf 85' lang='grc' dir='ltr'>καλ</span> <span class='ocrx_word' id='word_1_211' title='bbox 232 3865 314 3935; x_wconf 88' lang='grc' dir='ltr'>καλδς</span> <span class='ocrx_word' id='word_1_212' title='bbox 325 3869 360 3935; x_wconf 82' lang='grc' dir='ltr'>ὡς</span> <span class='ocrx_word' id='word_1_213' title='bbox 373 3869 400 3926; x_wconf 82' lang='grc' dir='ltr'>έν</span> <span class='ocrx_word' id='word_1_214' title='bbox 411 3866 500 3948; x_wconf 81' lang='grc' dir='ltr'>ἔρωτι.</span> <span class='ocrx_word' id='word_1_215' title='bbox 515 3865 553 3928; x_wconf 79' lang='grc' dir='ltr'>Σύ</span> <span class='ocrx_word' id='word_1_216' title='bbox 564 3871 588 3926; x_wconf 86' lang='grc' dir='ltr'>δ’</span> <span class='ocrx_word' id='word_1_217' title='bbox 603 3864 635 3936; x_wconf 74' lang='grc' dir='ltr'>ἢν</span> <span class='ocrx_word' id='word_1_218' title='bbox 647 3867 692 3927; x_wconf 79' lang='grc' dir='ltr'>ἀπ’</span> <span class='ocrx_word' id='word_1_219' title='bbox 704 3870 776 3945; x_wconf 76' lang='grc' dir='ltr'>ἐμεῖο</span> <span class='ocrx_word' id='word_1_220' title='bbox 788 3869 903 3942; x_wconf 90' lang='grc' dir='ltr'>λάθηαι,</span> 
     </span>
    </p>
   </div>
   <div class='ocr_carea' id='block_1_10' title="bbox 466 4060 666 4110">
    <p class='ocr_par' dir='ltr' id='par_1_16' title="bbox 466 4060 666 4110">
     <span class='ocr_line' id='line_1_37' title="bbox 466 4060 666 4110; baseline 0.02 -4"><span class='ocrx_word' id='word_1_221' title='bbox 466 4060 524 4110; x_wconf 82' lang='grc' dir='ltr'>ο36.</span> <span class='ocrx_word' id='word_1_222' title='bbox 548 4075 666 4110; x_wconf 82' lang='lat' dir='ltr'>rrnsnsnt.</span> 
     </span>
    </p>
   </div>
   <div class='ocr_carea' id='block_1_11' title="bbox 168 4186 850 4837">
    <p class='ocr_par' dir='ltr' id='par_1_17' title="bbox 168 4186 850 4837">
     <span class='ocr_line' id='line_1_38' title="bbox 170 4186 850 4255; baseline 0.003 -17"><span class='ocrx_word' id='word_1_223' title='bbox 170 4186 209 4238; x_wconf 87' lang='lat' dir='ltr'>Sic</span> <span class='ocrx_word' id='word_1_224' title='bbox 221 4188 328 4251; x_wconf 84' lang='lat' dir='ltr'>reor,&#39;ad</span> <span class='ocrx_word' id='word_1_225' title='bbox 341 4188 433 4255; x_wconf 80' lang='lat' dir='ltr'>Stygias</span> <span class='ocrx_word' id='word_1_226' title='bbox 446 4205 499 4254; x_wconf 83' lang='lat' dir='ltr'>que</span> <span class='ocrx_word' id='word_1_227' title='bbox 512 4189 558 4238; x_wconf 80' lang='lat' dir='ltr'>sect</span> <span class='ocrx_word' id='word_1_228' title='bbox 568 4189 632 4240; x_wconf 88' lang='lat' dir='ltr'>maia</span> <span class='ocrx_word' id='word_1_229' title='bbox 641 4191 755 4240; x_wconf 78' lang='lat' dir='ltr'>Tantalus</span> <span class='ocrx_word' id='word_1_230' title='bbox 765 4189 850 4247; x_wconf 86' lang='lat' dir='ltr'>undas.</span> 
     </span>
     <span class='ocr_line' id='line_1_39' title="bbox 204 4270 673 4323; baseline 0.009 -4"><span class='ocrx_word' id='word_1_231' title='bbox 204 4271 292 4321; x_wconf 87' lang='lat' dir='ltr'>Omnia</span> <span class='ocrx_word' id='word_1_232' title='bbox 303 4281 359 4322; x_wconf 85' lang='lat' dir='ltr'>snut</span> <span class='ocrx_word' id='word_1_233' title='bbox 372 4271 459 4322; x_wconf 88' lang='lat' dir='ltr'>nostris</span> <span class='ocrx_word' id='word_1_234' title='bbox 472 4270 586 4321; x_wconf 78' lang='lat' dir='ltr'>inferiora</span> <span class='ocrx_word' id='word_1_235' title='bbox 596 4273 673 4323; x_wconf 89' lang='lat' dir='ltr'>maiis.</span> 
     </span>
     <span class='ocr_line' id='line_1_40' title="bbox 169 4353 749 4416; baseline 0.005 -15"><span class='ocrx_word' id='word_1_236' title='bbox 169 4353 232 4401; x_wconf 83' lang='lat' dir='ltr'>Nam</span> <span class='ocrx_word' id='word_1_237' title='bbox 245 4353 265 4401; x_wconf 86' lang='lat' dir='ltr'>si</span> <span class='ocrx_word' id='word_1_238' title='bbox 277 4362 302 4402; x_wconf 91' lang='lat' dir='ltr'>te</span> <span class='ocrx_word' id='word_1_239' title='bbox 314 4354 401 4416; x_wconf 82' lang='lat' dir='ltr'>videat,</span> <span class='ocrx_word' id='word_1_240' title='bbox 414 4353 489 4404; x_wconf 85' lang='lat' dir='ltr'>labris</span> <span class='ocrx_word' id='word_1_241' title='bbox 504 4363 552 4412; x_wconf 85' lang='lat' dir='ltr'>tua,</span> <span class='ocrx_word' id='word_1_242' title='bbox 566 4355 646 4411; x_wconf 84' lang='lat' dir='ltr'>credo,</span> <span class='ocrx_word' id='word_1_243' title='bbox 657 4355 749 4405; x_wconf 87' lang='lat' dir='ltr'>sinatur</span> 
     </span>
     <span class='ocr_line' id='line_1_41' title="bbox 202 4436 752 4506; baseline 0.009 -22"><span class='ocrx_word' id='word_1_244' title='bbox 202 4439 308 4500; x_wconf 75' lang='lat' dir='ltr'>Tangere</span> <span class='ocrx_word' id='word_1_245' title='bbox 318 4436 395 4499; x_wconf 86' lang='lat' dir='ltr'>labra,</span> <span class='ocrx_word' id='word_1_246' title='bbox 408 4439 496 4503; x_wconf 86' lang='lat' dir='ltr'>quibus</span> <span class='ocrx_word' id='word_1_247' title='bbox 508 4439 612 4489; x_wconf 81' lang='lat' dir='ltr'>sedetet</span> <span class='ocrx_word' id='word_1_248' title='bbox 627 4439 678 4506; x_wconf 87' lang='lat' dir='ltr'>ipsa</span> <span class='ocrx_word' id='word_1_249' title='bbox 688 4455 752 4500; x_wconf 89' lang='lat' dir='ltr'>resa,</span> 
     </span>
     <span class='ocr_line' id='line_1_42' title="bbox 169 4521 776 4590; baseline 0.005 -21"><span class='ocrx_word' id='word_1_250' title='bbox 169 4521 283 4570; x_wconf 80' lang='grc' dir='ltr'>Τοιιιοθιισ</span> <span class='ocrx_word' id='word_1_251' title='bbox 297 4521 388 4572; x_wconf 80' lang='lat' dir='ltr'><strong>infelix.</strong></span> <span class='ocrx_word' id='word_1_252' title='bbox 402 4523 448 4572; x_wconf 86' lang='lat' dir='ltr'>Sed</span> <span class='ocrx_word' id='word_1_253' title='bbox 459 4521 491 4570; x_wconf 91' lang='lat' dir='ltr'>ab</span> <span class='ocrx_word' id='word_1_254' title='bbox 502 4522 657 4588; x_wconf 76' lang='lat' dir='ltr'>impendente</span> <span class='ocrx_word' id='word_1_255' title='bbox 671 4524 776 4590; x_wconf 73' lang='lat' dir='ltr'><strong>pavescit</strong></span> 
     </span>
     <span class='ocr_line' id='line_1_43' title="bbox 201 4603 837 4671; baseline 0.003 -17"><span class='ocrx_word' id='word_1_256' title='bbox 201 4609 290 4671; x_wconf 80' lang='lat' dir='ltr'>Rupe:</span> <span class='ocrx_word' id='word_1_257' title='bbox 306 4603 364 4669; x_wconf 91' lang='lat' dir='ltr'>quid</span> <span class='ocrx_word' id='word_1_258' title='bbox 376 4603 442 4654; x_wconf 85' lang='lat' dir='ltr'>hoe?</span> <span class='ocrx_word' id='word_1_259' title='bbox 454 4605 543 4654; x_wconf 90' lang='lat' dir='ltr'>iterum</span> <span class='ocrx_word' id='word_1_260' title='bbox 554 4621 609 4654; x_wconf 86' lang='lat' dir='ltr'>nam</span> <span class='ocrx_word' id='word_1_261' title='bbox 618 4607 703 4671; x_wconf 88' lang='lat' dir='ltr'>nequit</span> <span class='ocrx_word' id='word_1_262' title='bbox 714 4606 755 4655; x_wconf 90' lang='lat' dir='ltr'>iiie</span> <span class='ocrx_word' id='word_1_263' title='bbox 767 4606 837 4656; x_wconf 88' lang='lat' dir='ltr'>mori.</span> 
     </span>
     <span class='ocr_line' id='line_1_44' title="bbox 168 4686 723 4754; baseline -0.007 -14"><span class='ocrx_word' id='word_1_264' title='bbox 168 4691 212 4740; x_wconf 75' lang='lat' dir='ltr'>Ast</span> <span class='ocrx_word' id='word_1_265' title='bbox 226 4702 269 4753; x_wconf 84' lang='lat' dir='ltr'>ego</span> <span class='ocrx_word' id='word_1_266' title='bbox 281 4696 398 4754; x_wconf 88' lang='lat' dir='ltr'>perpetuo</span> <span class='ocrx_word' id='word_1_267' title='bbox 409 4686 476 4736; x_wconf 81' lang='lat' dir='ltr'>vivus</span> <span class='ocrx_word' id='word_1_268' title='bbox 490 4687 604 4753; x_wconf 85' lang='lat' dir='ltr'>depascor</span> <span class='ocrx_word' id='word_1_269' title='bbox 618 4687 649 4736; x_wconf 91' lang='lat' dir='ltr'>ab</span> <span class='ocrx_word' id='word_1_270' title='bbox 660 4688 723 4752; x_wconf 80' lang='lat' dir='ltr'>igne,</span> 
     </span>
     <span class='ocr_line' id='line_1_45' title="bbox 201 4769 722 4837; baseline 0 -16"><span class='ocrx_word' id='word_1_271' title='bbox 201 4775 230 4822; x_wconf 86' lang='lat' dir='ltr'>Et</span> <span class='ocrx_word' id='word_1_272' title='bbox 244 4787 309 4821; x_wconf 91' lang='lat' dir='ltr'>mors</span> <span class='ocrx_word' id='word_1_273' title='bbox 320 4769 407 4820; x_wconf 86' lang='lat' dir='ltr'>attritis</span> <span class='ocrx_word' id='word_1_274' title='bbox 420 4769 510 4819; x_wconf 73' lang='lat' dir='ltr'>uiribus</span> <span class='ocrx_word' id='word_1_275' title='bbox 525 4771 575 4837; x_wconf 87' lang='lat' dir='ltr'>ipsa</span> <span class='ocrx_word' id='word_1_276' title='bbox 592 4787 666 4837; x_wconf 91' lang='lat' dir='ltr'>prope</span> <span class='ocrx_word' id='word_1_277' title='bbox 678 4781 722 4822; x_wconf 88' lang='lat' dir='ltr'>est.</span> 
     </span>
    </p>
   </div>
   <div class='ocr_carea' id='block_1_12' title="bbox 399 4909 723 4971">
    <p class='ocr_par' dir='ltr' id='par_1_18' title="bbox 399 4909 723 4971">
     <span class='ocr_line' id='line_1_46' title="bbox 399 4909 723 4971; baseline -0.006 -13"><span class='ocrx_word' id='word_1_278' title='bbox 399 4909 455 4971; x_wconf 68' lang='grc' dir='ltr'>τδρ.</span> <span class='ocrx_word' id='word_1_279' title='bbox 467 4925 581 4957; x_wconf 78' lang='lat' dir='ltr'>scarane</span> <span class='ocrx_word' id='word_1_280' title='bbox 597 4925 723 4957; x_wconf 79' lang='lat' dir='ltr'>onironrs.</span> 
     </span>
    </p>
   </div>
   <div class='ocr_carea' id='block_1_13' title="bbox 165 5036 840 5357">
    <p class='ocr_par' dir='ltr' id='par_1_19' title="bbox 165 5036 815 5188">
     <span class='ocr_line' id='line_1_47' title="bbox 165 5036 815 5105; baseline -0.008 -15"><span class='ocrx_word' id='word_1_281' title='bbox 165 5039 244 5090; x_wconf 82' lang='lat' dir='ltr'>Nocte</span> <span class='ocrx_word' id='word_1_282' title='bbox 255 5055 343 5105; x_wconf 87' lang='lat' dir='ltr'>queror</span> <span class='ocrx_word' id='word_1_283' title='bbox 356 5049 405 5090; x_wconf 87' lang='lat' dir='ltr'>tota</span> <span class='ocrx_word' id='word_1_284' title='bbox 421 5054 428 5088; x_wconf 73' lang='grc' dir='ltr'><strong>ε</strong></span> <span class='ocrx_word' id='word_1_285' title='bbox 443 5037 515 5089; x_wconf 87' lang='lat' dir='ltr'>simul</span> <span class='ocrx_word' id='word_1_286' title='bbox 527 5055 554 5088; x_wconf 89' lang='lat' dir='ltr'>ac</span> <span class='ocrx_word' id='word_1_287' title='bbox 566 5047 636 5104; x_wconf 89' lang='lat' dir='ltr'>caput</span> <span class='ocrx_word' id='word_1_288' title='bbox 655 5036 741 5086; x_wconf 73' lang='lat' dir='ltr'>extulit</span> <span class='ocrx_word' id='word_1_289' title='bbox 755 5039 815 5098; x_wconf 83' lang='lat' dir='ltr'>Eos,</span> 
     </span>
     <span class='ocr_line' id='line_1_48' title="bbox 198 5119 714 5188; baseline -0.006 -18"><span class='ocrx_word' id='word_1_290' title='bbox 198 5125 229 5170; x_wconf 88' lang='lat' dir='ltr'>Et</span> <span class='ocrx_word' id='word_1_291' title='bbox 240 5121 305 5172; x_wconf 84' lang='lat' dir='ltr'>refici</span> <span class='ocrx_word' id='word_1_292' title='bbox 318 5123 410 5173; x_wconf 89' lang='lat' dir='ltr'>modico</span> <span class='ocrx_word' id='word_1_293' title='bbox 420 5122 528 5172; x_wconf 87' lang='lat' dir='ltr'>membra</span> <span class='ocrx_word' id='word_1_294' title='bbox 539 5136 625 5188; x_wconf 88' lang='lat' dir='ltr'>sopore</span> <span class='ocrx_word' id='word_1_295' title='bbox 639 5119 714 5181; x_wconf 82' lang='lat' dir='ltr'>dedit,</span> 
     </span>
    </p>

    <p class='ocr_par' dir='ltr' id='par_1_20' title="bbox 166 5203 840 5357">
     <span class='ocr_line' id='line_1_49' title="bbox 166 5203 840 5275; baseline -0.001 -19"><span class='ocrx_word' id='word_1_296' title='bbox 166 5205 277 5270; x_wconf 83' lang='lat' dir='ltr'>Undique</span> <span class='ocrx_word' id='word_1_297' title='bbox 290 5205 458 5258; x_wconf 82' lang='lat' dir='ltr'>hirundinibus</span> <span class='ocrx_word' id='word_1_298' title='bbox 469 5207 578 5275; x_wconf 88' lang='lat' dir='ltr'>properis</span> <span class='ocrx_word' id='word_1_299' title='bbox 594 5205 757 5256; x_wconf 85' lang='lat' dir='ltr'>circumsonor</span> <span class='ocrx_word' id='word_1_300' title='bbox 770 5221 776 5255; x_wconf 90' lang='lat'>:</span> <span class='ocrx_word' id='word_1_301' title='bbox 793 5203 840 5255; x_wconf 73' lang='lat' dir='ltr'>itte</span> 
     </span>
     <span class='ocr_line' id='line_1_50' title="bbox 200 5290 729 5357; baseline 0.002 -20"><span class='ocrx_word' id='word_1_302' title='bbox 200 5290 238 5337; x_wconf 85' lang='lat' dir='ltr'>Ad</span> <span class='ocrx_word' id='word_1_303' title='bbox 251 5291 366 5357; x_wconf 74' lang='lat' dir='ltr'>lacrymas</span> <span class='ocrx_word' id='word_1_304' title='bbox 375 5307 458 5342; x_wconf 89' lang='lat' dir='ltr'>somno</span> <span class='ocrx_word' id='word_1_305' title='bbox 468 5309 507 5342; x_wconf 88' lang='lat' dir='ltr'>me</span> <span class='ocrx_word' id='word_1_306' title='bbox 519 5291 622 5357; x_wconf 78' lang='lat' dir='ltr'>lugiente</span> <span class='ocrx_word' id='word_1_307' title='bbox 636 5297 729 5340; x_wconf 77' lang='lat' dir='ltr'>vocant.</span> 
     </span>
    </p>
   </div>
   <div class='ocr_carea' id='block_1_14' title="bbox 758 424 1235 491">
    <p class='ocr_par' dir='ltr' id='par_1_21' title="bbox 758 424 1235 491">
     <span class='ocr_line' id='line_1_51' title="bbox 758 424 1235 491; baseline 0.017 -8"><span class='ocrx_word' id='word_1_308' title='bbox 758 424 1010 491; x_wconf 77' lang='lat' dir='ltr'>ANTHOLOGIAE</span> <span class='ocrx_word' id='word_1_309' title='bbox 1033 427 1235 491; x_wconf 80' lang='lat' dir='ltr'><strong>PALATINAE</strong></span> 
     </span>
    </p>
   </div>
   <div class='ocr_carea' id='block_1_15' title="bbox 1009 561 1633 984">
    <p class='ocr_par' dir='ltr' id='par_1_22' title="bbox 1009 561 1633 984">
     <span class='ocr_line' id='line_1_52' title="bbox 1040 561 1633 632; baseline 0.013 -20"><span class='ocrx_word' id='word_1_310' title='bbox 1040 561 1194 626; x_wconf 72' lang='lat' dir='ltr'>exagitandi</span> <span class='ocrx_word' id='word_1_311' title='bbox 1203 576 1301 614; x_wconf 87' lang='lat' dir='ltr'>omnem</span> <span class='ocrx_word' id='word_1_312' title='bbox 1309 563 1438 616; x_wconf 89' lang='lat' dir='ltr'>miratione</span> <span class='ocrx_word' id='word_1_313' title='bbox 1451 564 1633 632; x_wconf 75' lang='lat' dir='ltr'>cogitationem,</span> 
     </span>
     <span class='ocr_line' id='line_1_53' title="bbox 1009 651 1571 718; baseline 0.011 -19"><span class='ocrx_word' id='word_1_314' title='bbox 1009 662 1038 700; x_wconf 90' lang='lat' dir='ltr'>ac</span> <span class='ocrx_word' id='word_1_315' title='bbox 1048 651 1143 714; x_wconf 86' lang='lat' dir='ltr'>tremo,</span> <span class='ocrx_word' id='word_1_316' title='bbox 1154 665 1246 716; x_wconf 76' lang='lat' dir='ltr'>corque</span> <span class='ocrx_word' id='word_1_317' title='bbox 1255 651 1368 704; x_wconf 83' lang='lat' dir='ltr'>funditus</span> <span class='ocrx_word' id='word_1_318' title='bbox 1378 654 1469 705; x_wconf 80' lang='lat' dir='ltr'>estuat</span> <span class='ocrx_word' id='word_1_319' title='bbox 1482 655 1571 718; x_wconf 73' lang='lat' dir='ltr'>neno,</span> 
     </span>
     <span class='ocr_line' id='line_1_54' title="bbox 1040 738 1463 792; baseline 0.005 -4"><span class='ocrx_word' id='word_1_320' title='bbox 1040 738 1121 789; x_wconf 72' lang='lat' dir='ltr'>auium</span> <span class='ocrx_word' id='word_1_321' title='bbox 1129 739 1254 791; x_wconf 80' lang='lat' dir='ltr'>suiiocatl</span> <span class='ocrx_word' id='word_1_322' title='bbox 1263 741 1340 792; x_wconf 83' lang='lat' dir='ltr'>tinctu</span> <span class='ocrx_word' id='word_1_323' title='bbox 1351 755 1463 792; x_wconf 84' lang='lat' dir='ltr'>venereo.</span> 
     </span>
     <span class='ocr_line' id='line_1_55' title="bbox 1009 827 1468 894; baseline 0.004 -16"><span class='ocrx_word' id='word_1_324' title='bbox 1009 827 1055 878; x_wconf 88' lang='lat' dir='ltr'>Sed</span> <span class='ocrx_word' id='word_1_325' title='bbox 1067 841 1106 879; x_wconf 88' lang='lat' dir='ltr'>me</span> <span class='ocrx_word' id='word_1_326' title='bbox 1115 827 1262 894; x_wconf 76' lang='lat' dir='ltr'>naufragum</span> <span class='ocrx_word' id='word_1_327' title='bbox 1273 829 1299 879; x_wconf 91' lang='lat' dir='ltr'>in</span> <span class='ocrx_word' id='word_1_328' title='bbox 1309 831 1375 880; x_wconf 88' lang='lat' dir='ltr'>terra</span> <span class='ocrx_word' id='word_1_329' title='bbox 1387 829 1468 880; x_wconf 75' lang='lat' dir='ltr'>deum</span> 
     </span>
     <span class='ocr_line' id='line_1_56' title="bbox 1040 917 1492 984; baseline 0.007 -18"><span class='ocrx_word' id='word_1_330' title='bbox 1040 929 1119 979; x_wconf 81' lang='lat' dir='ltr'>serra,</span> <span class='ocrx_word' id='word_1_331' title='bbox 1129 919 1186 968; x_wconf 88' lang='lat' dir='ltr'>tuos</span> <span class='ocrx_word' id='word_1_332' title='bbox 1196 917 1260 969; x_wconf 89' lang='lat' dir='ltr'>intra</span> <span class='ocrx_word' id='word_1_333' title='bbox 1268 921 1356 983; x_wconf 85' lang='lat' dir='ltr'>portus</span> <span class='ocrx_word' id='word_1_334' title='bbox 1365 917 1492 984; x_wconf 87' lang='lat' dir='ltr'>recipiens.</span> 
     </span>
    </p>
   </div>
   <div class='ocr_carea' id='block_1_16' title="bbox 1211 1061 1587 1111">
    <p class='ocr_par' dir='ltr' id='par_1_23' title="bbox 1211 1061 1587 1111">
     <span class='ocr_line' id='line_1_57' title="bbox 1211 1061 1587 1111; baseline 0 -1"><span class='ocrx_word' id='word_1_335' title='bbox 1211 1064 1263 1110; x_wconf 80' lang='lat'><strong>2³6.</strong></span> <span class='ocrx_word' id='word_1_336' title='bbox 1282 1062 1376 1110; x_wconf 78' lang='lat' dir='ltr'><strong>PAULI</strong></span> <span class='ocrx_word' id='word_1_337' title='bbox 1392 1061 1587 1111; x_wconf 78' lang='lat' dir='ltr'>sthNTlAtttt.</span> 
     </span>
    </p>
   </div>
   <div class='ocr_carea' id='block_1_17' title="bbox 1008 1189 1652 1331">
    <p class='ocr_par' dir='ltr' id='par_1_24' title="bbox 1008 1189 1652 1331">
     <span class='ocr_line' id='line_1_58' title="bbox 1008 1189 1652 1256; baseline 0.011 -18"><span class='ocrx_word' id='word_1_338' title='bbox 1008 1191 1051 1239; x_wconf 85' lang='lat' dir='ltr'>ltae</span> <span class='ocrx_word' id='word_1_339' title='bbox 1060 1189 1162 1241; x_wconf 70' lang='lat' dir='ltr'>temese</span> <span class='ocrx_word' id='word_1_340' title='bbox 1171 1190 1265 1242; x_wconf 76' lang='lat' dir='ltr'>Tantali</span> <span class='ocrx_word' id='word_1_341' title='bbox 1280 1191 1428 1243; x_wconf 75' lang='lat' dir='ltr'>Acheruntia</span> <span class='ocrx_word' id='word_1_342' title='bbox 1438 1193 1561 1242; x_wconf 79' lang='lat' dir='ltr'>tormema</span> <span class='ocrx_word' id='word_1_343' title='bbox 1573 1207 1652 1256; x_wconf 76' lang='lat' dir='ltr'>peno</span> 
     </span>
     <span class='ocr_line' id='line_1_59' title="bbox 1038 1278 1471 1331; baseline 0.005 -3"><span class='ocrx_word' id='word_1_344' title='bbox 1038 1278 1129 1329; x_wconf 88' lang='lat' dir='ltr'>nostris</span> <span class='ocrx_word' id='word_1_345' title='bbox 1142 1279 1292 1330; x_wconf 87' lang='lat' dir='ltr'>cruciatibus</span> <span class='ocrx_word' id='word_1_346' title='bbox 1305 1283 1362 1331; x_wconf 88' lang='lat' dir='ltr'>sunt</span> <span class='ocrx_word' id='word_1_347' title='bbox 1371 1280 1471 1330; x_wconf 71' lang='lat' dir='ltr'>leniora.</span> 
     </span>
    </p>
   </div>
   <div class='ocr_carea' id='block_1_18' title="bbox 968 1353 1790 1423">
    <p class='ocr_par' dir='ltr' id='par_1_25' title="bbox 968 1353 1790 1423">
     <span class='ocr_line' id='line_1_60' title="bbox 968 1353 1790 1423; baseline 0.011 -18"><span class='ocrx_word' id='word_1_348' title='bbox 968 1359 973 1371; x_wconf 92' lang='lat'>&#39;</span> <span class='ocrx_word' id='word_1_349' title='bbox 1007 1357 1061 1406; x_wconf 83' lang='lat' dir='ltr'>lton</span> <span class='ocrx_word' id='word_1_350' title='bbox 1076 1356 1154 1420; x_wconf 89' lang='lat' dir='ltr'>enim,</span> <span class='ocrx_word' id='word_1_351' title='bbox 1164 1355 1271 1407; x_wconf 83' lang='lat' dir='ltr'>visatua</span> <span class='ocrx_word' id='word_1_352' title='bbox 1283 1361 1420 1420; x_wconf 80' lang='lat' dir='ltr'>venustate,</span> <span class='ocrx_word' id='word_1_353' title='bbox 1433 1361 1607 1423; x_wconf 87' lang='lat' dir='ltr'>prohibebatur</span> <span class='ocrx_word' id='word_1_354' title='bbox 1620 1375 1634 1412; x_wconf 89' lang='lat' dir='ltr'>a</span> <span class='ocrx_word' id='word_1_355' title='bbox 1650 1353 1725 1412; x_wconf 78' lang='lat' dir='ltr'>labris</span> <span class='ocrx_word' id='word_1_356' title='bbox 1742 1365 1790 1414; x_wconf 89' lang='lat' dir='ltr'>mi·</span> 
     </span>
    </p>
   </div>
   <div class='ocr_carea' id='block_1_19' title="bbox 1006 1444 1793 1850">
    <p class='ocr_par' dir='ltr' id='par_1_26' title="bbox 1006 1444 1793 1850">
     <span class='ocr_line' id='line_1_61' title="bbox 1038 1444 1793 1514; baseline 0.012 -21"><span class='ocrx_word' id='word_1_357' title='bbox 1038 1455 1096 1493; x_wconf 89' lang='lat' dir='ltr'>cnm</span> <span class='ocrx_word' id='word_1_358' title='bbox 1104 1447 1150 1496; x_wconf 85' lang='lat' dir='ltr'>tuo</span> <span class='ocrx_word' id='word_1_359' title='bbox 1162 1444 1246 1508; x_wconf 90' lang='lat' dir='ltr'>labro,</span> <span class='ocrx_word' id='word_1_360' title='bbox 1255 1445 1333 1496; x_wconf 82' lang='lat' dir='ltr'>meeis</span> <span class='ocrx_word' id='word_1_361' title='bbox 1345 1446 1469 1510; x_wconf 82' lang='lat' dir='ltr'>calytibus</span> <span class='ocrx_word' id='word_1_362' title='bbox 1480 1449 1635 1512; x_wconf 76' lang='lat' dir='ltr'>formosiore,</span> <span class='ocrx_word' id='word_1_363' title='bbox 1683 1449 1793 1514; x_wconf 75' lang='grc' dir='ltr'>[ισουάἰα</span> 
     </span>
     <span class='ocr_line' id='line_1_62' title="bbox 1007 1527 1714 1597; baseline 0.011 -21"><span class='ocrx_word' id='word_1_364' title='bbox 1007 1527 1123 1578; x_wconf 86' lang='lat' dir='ltr'>Tantalus</span> <span class='ocrx_word' id='word_1_365' title='bbox 1133 1528 1404 1592; x_wconf 82' lang='lat' dir='ltr'>perpetuo-lacrimans,</span> <span class='ocrx_word' id='word_1_366' title='bbox 1417 1531 1462 1582; x_wconf 90' lang='lat' dir='ltr'>sed</span> <span class='ocrx_word' id='word_1_367' title='bbox 1470 1532 1614 1597; x_wconf 86' lang='lat' dir='ltr'>impendens</span> <span class='ocrx_word' id='word_1_368' title='bbox 1626 1547 1714 1584; x_wconf 82' lang='lat' dir='ltr'>sexum</span> 
     </span>
     <span class='ocr_line' id='line_1_63' title="bbox 1038 1615 1561 1684; baseline 0.015 -20"><span class='ocrx_word' id='word_1_369' title='bbox 1038 1615 1153 1677; x_wconf 63' lang='lat' dir='ltr'>timebun</span> <span class='ocrx_word' id='word_1_370' title='bbox 1165 1617 1235 1681; x_wconf 89' lang='lat' dir='ltr'>atqui</span> <span class='ocrx_word' id='word_1_371' title='bbox 1243 1617 1332 1669; x_wconf 83' lang='lat' dir='ltr'>iterum</span> <span class='ocrx_word' id='word_1_372' title='bbox 1340 1618 1403 1668; x_wconf 91' lang='lat' dir='ltr'>mori</span> <span class='ocrx_word' id='word_1_373' title='bbox 1412 1633 1461 1670; x_wconf 90' lang='lat' dir='ltr'>non</span> <span class='ocrx_word' id='word_1_374' title='bbox 1469 1623 1561 1684; x_wconf 83' lang='lat' dir='ltr'>potest.</span> 
     </span>
     <span class='ocr_line' id='line_1_64' title="bbox 1006 1704 1609 1776; baseline 0.008 -23"><span class='ocrx_word' id='word_1_375' title='bbox 1006 1706 1099 1754; x_wconf 84' lang='lat' dir='ltr'>Verum</span> <span class='ocrx_word' id='word_1_376' title='bbox 1108 1717 1153 1769; x_wconf 79' lang='lat' dir='ltr'>ego</span> <span class='ocrx_word' id='word_1_377' title='bbox 1161 1704 1235 1776; x_wconf 79' lang='lat' dir='ltr'>virus</span> <span class='ocrx_word' id='word_1_378' title='bbox 1243 1705 1369 1758; x_wconf 90' lang='lat' dir='ltr'>dum-sum</span> <span class='ocrx_word' id='word_1_379' title='bbox 1377 1721 1509 1759; x_wconf 86' lang='lat' dir='ltr'>consumor</span> <span class='ocrx_word' id='word_1_380' title='bbox 1518 1711 1609 1772; x_wconf 78' lang='lat' dir='ltr'>(estro,</span> 
     </span>
     <span class='ocr_line' id='line_1_65' title="bbox 1037 1791 1641 1850; baseline 0.007 -6"><span class='ocrx_word' id='word_1_381' title='bbox 1037 1795 1062 1844; x_wconf 88' lang='lat' dir='ltr'>et</span> <span class='ocrx_word' id='word_1_382' title='bbox 1072 1805 1100 1844; x_wconf 87' lang='lat' dir='ltr'>ex</span> <span class='ocrx_word' id='word_1_383' title='bbox 1111 1791 1253 1846; x_wconf 79' lang='lat' dir='ltr'>infirmitate</span> <span class='ocrx_word' id='word_1_384' title='bbox 1264 1795 1338 1846; x_wconf 90' lang='lat' dir='ltr'>etiam</span> <span class='ocrx_word' id='word_1_385' title='bbox 1347 1795 1427 1846; x_wconf 84' lang='lat' dir='ltr'>tatum</span> <span class='ocrx_word' id='word_1_386' title='bbox 1436 1797 1545 1848; x_wconf 84' lang='lat' dir='ltr'>ricinum</span> <span class='ocrx_word' id='word_1_387' title='bbox 1556 1798 1641 1850; x_wconf 82' lang='lat' dir='ltr'>habeo.</span> 
     </span>
    </p>
   </div>
   <div class='ocr_carea' id='block_1_20' title="bbox 1101 1953 1704 2010">
    <p class='ocr_par' dir='ltr' id='par_1_27' title="bbox 1101 1953 1704 2010">
     <span class='ocr_line' id='line_1_66' title="bbox 1101 1953 1704 2010; baseline 0.01 -9"><span class='ocrx_word' id='word_1_388' title='bbox 1101 1956 1155 2002; x_wconf 77' lang='lat' dir='ltr'>alt.</span> <span class='ocrx_word' id='word_1_389' title='bbox 1167 1953 1317 2003; x_wconf 79' lang='lat' dir='ltr'>AGATHIAE</span> <span class='ocrx_word' id='word_1_390' title='bbox 1332 1955 1477 2006; x_wconf 82' lang='lat' dir='ltr'>MYRINAEI</span> <span class='ocrx_word' id='word_1_391' title='bbox 1492 1955 1704 2010; x_wconf 75' lang='lat' dir='ltr'>schonssttct.</span> 
     </span>
    </p>
   </div>
   <div class='ocr_carea' id='block_1_21' title="bbox 1002 2085 1789 3130">
    <p class='ocr_par' dir='ltr' id='par_1_28' title="bbox 1005 2085 1717 2238">
     <span class='ocr_line' id='line_1_67' title="bbox 1005 2085 1717 2149; baseline 0.007 -15"><span class='ocrx_word' id='word_1_392' title='bbox 1005 2087 1092 2135; x_wconf 86' lang='lat' dir='ltr'>Totam</span> <span class='ocrx_word' id='word_1_393' title='bbox 1105 2097 1149 2148; x_wconf 84' lang='lat' dir='ltr'>ego</span> <span class='ocrx_word' id='word_1_394' title='bbox 1160 2097 1203 2149; x_wconf 89' lang='lat' dir='ltr'>per</span> <span class='ocrx_word' id='word_1_395' title='bbox 1215 2088 1314 2134; x_wconf 88' lang='lat' dir='ltr'>noctem</span> <span class='ocrx_word' id='word_1_396' title='bbox 1323 2085 1401 2147; x_wconf 76' lang='lat' dir='ltr'>ciulo;</span> <span class='ocrx_word' id='word_1_397' title='bbox 1412 2085 1512 2149; x_wconf 83' lang='lat' dir='ltr'>quando</span> <span class='ocrx_word' id='word_1_398' title='bbox 1521 2091 1605 2138; x_wconf 85' lang='lat' dir='ltr'>autem</span> <span class='ocrx_word' id='word_1_399' title='bbox 1618 2089 1717 2140; x_wconf 77' lang='lat' dir='ltr'>advenit</span> 
     </span>
     <span class='ocr_line' id='line_1_68' title="bbox 1035 2171 1616 2238; baseline 0.009 -16"><span class='ocrx_word' id='word_1_400' title='bbox 1035 2172 1184 2236; x_wconf 79' lang='lat' dir='ltr'>diluculum,</span> <span class='ocrx_word' id='word_1_401' title='bbox 1196 2171 1297 2238; x_wconf 86' lang='lat' dir='ltr'>paulum</span> <span class='ocrx_word' id='word_1_402' title='bbox 1309 2174 1462 2237; x_wconf 87' lang='lat' dir='ltr'>requiescere</span> <span class='ocrx_word' id='word_1_403' title='bbox 1472 2175 1616 2236; x_wconf 82' lang='lat' dir='ltr'>concedens,</span> 
     </span>
    </p>

    <p class='ocr_par' dir='ltr' id='par_1_29' title="bbox 1006 2252 1754 2419">
     <span class='ocr_line' id='line_1_69' title="bbox 1006 2252 1754 2325; baseline 0.007 -13"><span class='ocrx_word' id='word_1_404' title='bbox 1006 2260 1246 2312; x_wconf 70' lang='grc' dir='ltr'>ωωωνιιωυιωι</span> <span class='ocrx_word' id='word_1_405' title='bbox 1257 2261 1450 2325; x_wconf 60' lang='grc' dir='ltr'>ωνωωωιω</span> <span class='ocrx_word' id='word_1_406' title='bbox 1460 2264 1659 2316; x_wconf 65' lang='lat' dir='ltr'>meniachus</span> <span class='ocrx_word' id='word_1_407' title='bbox 1722 2252 1754 2286; x_wconf 83' lang='grc'>’-</span> 
     </span>
     <span class='ocr_line' id='line_1_70' title="bbox 1036 2351 1582 2419; baseline 0.011 -18"><span class='ocrx_word' id='word_1_408' title='bbox 1036 2351 1183 2415; x_wconf 84' lang='lat' dir='ltr'>conjiciunt,</span> <span class='ocrx_word' id='word_1_409' title='bbox 1193 2351 1290 2405; x_wconf 89' lang='lat' dir='ltr'>dulcem</span> <span class='ocrx_word' id='word_1_410' title='bbox 1299 2367 1410 2419; x_wconf 87' lang='lat' dir='ltr'>soporem</span> <span class='ocrx_word' id='word_1_411' title='bbox 1421 2357 1582 2408; x_wconf 77' lang='lat' dir='ltr'>excutientes.</span> 
     </span>
    </p>

    <p class='ocr_par' dir='ltr' id='par_1_30' title="bbox 1005 2440 1739 2598">
     <span class='ocr_line' id='line_1_71' title="bbox 1005 2440 1739 2508; baseline 0.011 -19"><span class='ocrx_word' id='word_1_412' title='bbox 1005 2443 1085 2504; x_wconf 78' lang='lat' dir='ltr'>Atque</span> <span class='ocrx_word' id='word_1_413' title='bbox 1096 2440 1162 2492; x_wconf 92' lang='lat' dir='ltr'>oculi</span> <span class='ocrx_word' id='word_1_414' title='bbox 1176 2455 1225 2492; x_wconf 89' lang='lat' dir='ltr'>nou</span> <span class='ocrx_word' id='word_1_415' title='bbox 1237 2442 1315 2494; x_wconf 86' lang='lat' dir='ltr'>clausi</span> <span class='ocrx_word' id='word_1_416' title='bbox 1323 2444 1354 2507; x_wconf 82' lang='lat' dir='ltr'>(i)</span> <span class='ocrx_word' id='word_1_417' title='bbox 1364 2448 1474 2508; x_wconf 86' lang='lat' dir='ltr'>manent,</span> <span class='ocrx_word' id='word_1_418' title='bbox 1485 2443 1642 2497; x_wconf 80' lang='lat' dir='ltr'>Rhodanthes</span> <span class='ocrx_word' id='word_1_419' title='bbox 1654 2449 1739 2498; x_wconf 84' lang='lat' dir='ltr'>autem</span> 
     </span>
     <span class='ocr_line' id='line_1_72' title="bbox 1034 2532 1584 2598; baseline 0.011 -18"><span class='ocrx_word' id='word_1_420' title='bbox 1034 2543 1121 2582; x_wconf 87' lang='lat' dir='ltr'>rursus</span> <span class='ocrx_word' id='word_1_421' title='bbox 1134 2543 1190 2582; x_wconf 89' lang='lat' dir='ltr'>meo</span> <span class='ocrx_word' id='word_1_422' title='bbox 1201 2532 1293 2597; x_wconf 78' lang='lat' dir='ltr'>pectori</span> <span class='ocrx_word' id='word_1_423' title='bbox 1308 2533 1421 2598; x_wconf 59' lang='lat' dir='ltr'>conlatio</span> <span class='ocrx_word' id='word_1_424' title='bbox 1432 2534 1584 2586; x_wconf 84' lang='lat' dir='ltr'>obversatur.</span> 
     </span>
    </p>

    <p class='ocr_par' dir='ltr' id='par_1_31' title="bbox 1004 2617 1724 2776">
     <span class='ocr_line' id='line_1_73' title="bbox 1004 2617 1724 2688; baseline 0.011 -22"><span class='ocrx_word' id='word_1_425' title='bbox 1004 2617 1173 2682; x_wconf 78' lang='lat' dir='ltr'>Oinvidiosae,</span> <span class='ocrx_word' id='word_1_426' title='bbox 1185 2620 1369 2684; x_wconf 66' lang='grc' dir='ltr'>ητντυιιινονου,</span> <span class='ocrx_word' id='word_1_427' title='bbox 1381 2621 1499 2685; x_wconf 83' lang='lat' dir='ltr'>desinite3</span> <span class='ocrx_word' id='word_1_428' title='bbox 1510 2637 1590 2688; x_wconf 80' lang='lat' dir='ltr'>ueqire</span> <span class='ocrx_word' id='word_1_429' title='bbox 1602 2624 1668 2674; x_wconf 87' lang='lat' dir='ltr'>euim</span> <span class='ocrx_word' id='word_1_430' title='bbox 1679 2637 1724 2688; x_wconf 81' lang='lat' dir='ltr'>ego</span> 
     </span>
     <span class='ocr_line' id='line_1_74' title="bbox 1035 2705 1438 2776; baseline 0.01 -20"><span class='ocrx_word' id='word_1_431' title='bbox 1035 2705 1176 2760; x_wconf 78' lang='lat' dir='ltr'>Philomelae</span> <span class='ocrx_word' id='word_1_432' title='bbox 1185 2708 1295 2776; x_wconf 74' lang='lat' dir='ltr'>inguim</span> <span class='ocrx_word' id='word_1_433' title='bbox 1304 2712 1419 2772; x_wconf 80' lang='lat' dir='ltr'>exsecui3</span> <span class='ocrx_word' id='word_1_434' title='bbox 1435 2752 1438 2760; x_wconf 71' lang='grc'>,</span> 
     </span>
    </p>

    <p class='ocr_par' dir='ltr' id='par_1_32' title="bbox 1004 2795 1676 2954">
     <span class='ocr_line' id='line_1_75' title="bbox 1004 2795 1676 2865; baseline 0.009 -20"><span class='ocrx_word' id='word_1_435' title='bbox 1004 2795 1048 2846; x_wconf 88' lang='lat' dir='ltr'>sed</span> <span class='ocrx_word' id='word_1_436' title='bbox 1056 2795 1148 2860; x_wconf 83' lang='lat' dir='ltr'>Itylum</span> <span class='ocrx_word' id='word_1_437' title='bbox 1159 2796 1269 2850; x_wconf 80' lang='lat' dir='ltr'>dedentis</span> <span class='ocrx_word' id='word_1_438' title='bbox 1280 2800 1306 2850; x_wconf 93' lang='lat' dir='ltr'>in</span> <span class='ocrx_word' id='word_1_439' title='bbox 1315 2801 1455 2865; x_wconf 88' lang='lat' dir='ltr'>montibus,</span> <span class='ocrx_word' id='word_1_440' title='bbox 1468 2813 1498 2854; x_wconf 88' lang='lat' dir='ltr'>ac</span> <span class='ocrx_word' id='word_1_441' title='bbox 1510 2803 1676 2854; x_wconf 82' lang='lat' dir='ltr'>larnentemini</span> 
     </span>
     <span class='ocr_line' id='line_1_76' title="bbox 1033 2888 1475 2954; baseline 0.018 -19"><span class='ocrx_word' id='word_1_442' title='bbox 1033 2897 1122 2951; x_wconf 74' lang='lat' dir='ltr'>upupis</span> <span class='ocrx_word' id='word_1_443' title='bbox 1131 2888 1230 2952; x_wconf 86' lang='lat' dir='ltr'>petroso</span> <span class='ocrx_word' id='word_1_444' title='bbox 1242 2888 1317 2940; x_wconf 89' lang='lat' dir='ltr'>cubili</span> <span class='ocrx_word' id='word_1_445' title='bbox 1328 2889 1475 2954; x_wconf 77' lang='lat' dir='ltr'>insidentes,</span> 
     </span>
    </p>

    <p class='ocr_par' dir='ltr' id='par_1_33' title="bbox 1002 2972 1789 3130">
     <span class='ocr_line' id='line_1_77' title="bbox 1002 2972 1789 3042; baseline 0.004 -19"><span class='ocrx_word' id='word_1_446' title='bbox 1002 2972 1342 3037; x_wconf 85' lang='lat' dir='ltr'>utpanlumobdormiamusl</span> <span class='ocrx_word' id='word_1_447' title='bbox 1350 2977 1452 3029; x_wconf 81' lang='lat' dir='ltr'>tortasse</span> <span class='ocrx_word' id='word_1_448' title='bbox 1460 2977 1559 3042; x_wconf 85' lang='lat' dir='ltr'>aliquod</span> <span class='ocrx_word' id='word_1_449' title='bbox 1566 2977 1646 3028; x_wconf 79' lang='lat' dir='ltr'>reniet</span> <span class='ocrx_word' id='word_1_450' title='bbox 1653 2977 1789 3039; x_wconf 88' lang='lat' dir='ltr'>somnium,</span> 
     </span>
     <span class='ocr_line' id='line_1_78' title="bbox 1033 3059 1627 3130; baseline 0.007 -19"><span class='ocrx_word' id='word_1_451' title='bbox 1033 3059 1101 3124; x_wconf 80' lang='lat' dir='ltr'>quod</span> <span class='ocrx_word' id='word_1_452' title='bbox 1114 3075 1154 3112; x_wconf 89' lang='lat' dir='ltr'>me</span> <span class='ocrx_word' id='word_1_453' title='bbox 1167 3061 1325 3114; x_wconf 78' lang='lat' dir='ltr'>nhodmthcs</span> <span class='ocrx_word' id='word_1_454' title='bbox 1336 3064 1444 3116; x_wconf 86' lang='lat' dir='ltr'>brachiis</span> <span class='ocrx_word' id='word_1_455' title='bbox 1456 3065 1627 3130; x_wconf 85' lang='lat' dir='ltr'>amplectatur.</span> 
     </span>
    </p>
   </div>
   <div class='ocr_carea' id='block_1_22' title="bbox 1180 3191 1603 3280">
    <p class='ocr_par' dir='ltr' id='par_1_34' title="bbox 1180 3191 1603 3280">
     <span class='ocr_line' id='line_1_79' title="bbox 1180 3191 1603 3280; baseline 0 -2"><span class='ocrx_word' id='word_1_456' title='bbox 1180 3231 1234 3278; x_wconf 77' lang='lat'><strong>2³8.</strong></span> <span class='ocrx_word' id='word_1_457' title='bbox 1252 3191 1430 3278; x_wconf 73' lang='lat' dir='ltr'>nacnnottti</span> <span class='ocrx_word' id='word_1_458' title='bbox 1446 3229 1603 3280; x_wconf 79' lang='lat' dir='ltr'>CONSULIS.</span> 
     </span>
    </p>
   </div>
   <div class='ocr_carea' id='block_1_23' title="bbox 999 3349 1767 3942">
    <p class='ocr_par' dir='ltr' id='par_1_35' title="bbox 1000 3349 1650 3503">
     <span class='ocr_line' id='line_1_80' title="bbox 1000 3349 1650 3415; baseline -0.002 -14"><span class='ocrx_word' id='word_1_459' title='bbox 1000 3349 1072 3401; x_wconf 77' lang='lat' dir='ltr'>nnus</span> <span class='ocrx_word' id='word_1_460' title='bbox 1085 3349 1196 3415; x_wconf 78' lang='lat' dir='ltr'>emgina</span> <span class='ocrx_word' id='word_1_461' title='bbox 1207 3363 1253 3400; x_wconf 86' lang='lat' dir='ltr'>cur</span> <span class='ocrx_word' id='word_1_462' title='bbox 1261 3349 1391 3400; x_wconf 80' lang='lat' dir='ltr'>educitur?</span> <span class='ocrx_word' id='word_1_463' title='bbox 1401 3363 1458 3412; x_wconf 89' lang='lat' dir='ltr'>non,</span> <span class='ocrx_word' id='word_1_464' title='bbox 1469 3363 1513 3414; x_wconf 91' lang='lat' dir='ltr'>per</span> <span class='ocrx_word' id='word_1_465' title='bbox 1522 3353 1559 3412; x_wconf 86' lang='lat' dir='ltr'>te,</span> <span class='ocrx_word' id='word_1_466' title='bbox 1569 3351 1650 3415; x_wconf 79' lang='lat' dir='ltr'>virgo,</span> 
     </span>
     <span class='ocr_line' id='line_1_81' title="bbox 1030 3435 1591 3503; baseline 0 -15"><span class='ocrx_word' id='word_1_467' title='bbox 1030 3451 1079 3488; x_wconf 90' lang='lat' dir='ltr'>nou</span> <span class='ocrx_word' id='word_1_468' title='bbox 1087 3475 1094 3500; x_wconf 93' lang='lat'>,</span> <span class='ocrx_word' id='word_1_469' title='bbox 1103 3439 1133 3489; x_wconf 88' lang='lat' dir='ltr'>ut</span> <span class='ocrx_word' id='word_1_470' title='bbox 1145 3451 1217 3503; x_wconf 66' lang='grc' dir='ltr'>ομνια</span> <span class='ocrx_word' id='word_1_471' title='bbox 1225 3435 1319 3501; x_wconf 86' lang='lat' dir='ltr'>aliqrrid</span> <span class='ocrx_word' id='word_1_472' title='bbox 1330 3450 1345 3486; x_wconf 90' lang='lat' dir='ltr'>a</span> <span class='ocrx_word' id='word_1_473' title='bbox 1356 3437 1460 3502; x_wconf 80' lang='lat' dir='ltr'>cypride</span> <span class='ocrx_word' id='word_1_474' title='bbox 1469 3438 1591 3501; x_wconf 78' lang='lat' dir='ltr'>ebenum,</span> 
     </span>
    </p>

    <p class='ocr_par' dir='ltr' id='par_1_36' title="bbox 1000 3524 1681 3677">
     <span class='ocr_line' id='line_1_82' title="bbox 1000 3524 1681 3592; baseline 0 -14"><span class='ocrx_word' id='word_1_475' title='bbox 1000 3525 1045 3578; x_wconf 83' lang='lat' dir='ltr'>sod</span> <span class='ocrx_word' id='word_1_476' title='bbox 1055 3528 1084 3577; x_wconf 89' lang='lat' dir='ltr'>ut</span> <span class='ocrx_word' id='word_1_477' title='bbox 1094 3524 1141 3578; x_wconf 85' lang='lat' dir='ltr'>tibi</span> <span class='ocrx_word' id='word_1_478' title='bbox 1150 3527 1254 3576; x_wconf 83' lang='lat' dir='ltr'>Martem</span> <span class='ocrx_word' id='word_1_479' title='bbox 1264 3524 1398 3590; x_wconf 78' lang='lat' dir='ltr'>(ferrum),</span> <span class='ocrx_word' id='word_1_480' title='bbox 1408 3527 1523 3590; x_wconf 70' lang='lat' dir='ltr'>momnis</span> <span class='ocrx_word' id='word_1_481' title='bbox 1532 3526 1566 3578; x_wconf 87' lang='lat' dir='ltr'>sit</span> <span class='ocrx_word' id='word_1_482' title='bbox 1574 3526 1681 3592; x_wconf 80' lang='lat' dir='ltr'>rigidus,</span> 
     </span>
     <span class='ocr_line' id='line_1_83' title="bbox 1031 3611 1573 3677; baseline 0.007 -15"><span class='ocrx_word' id='word_1_483' title='bbox 1031 3611 1160 3662; x_wconf 83' lang='lat' dir='ltr'>ostendam</span> <span class='ocrx_word' id='word_1_484' title='bbox 1167 3612 1236 3662; x_wconf 89' lang='lat' dir='ltr'>molli</span> <span class='ocrx_word' id='word_1_485' title='bbox 1248 3611 1348 3676; x_wconf 78' lang='lat' dir='ltr'>cypridi</span> <span class='ocrx_word' id='word_1_486' title='bbox 1357 3611 1573 3677; x_wconf 83' lang='lat' dir='ltr'>obtemperantem.</span> 
     </span>
    </p>

    <p class='ocr_par' dir='ltr' id='par_1_37' title="bbox 999 3699 1656 3855">
     <span class='ocr_line' id='line_1_84' title="bbox 999 3699 1656 3768; baseline 0.006 -18"><span class='ocrx_word' id='word_1_487' title='bbox 999 3699 1045 3750; x_wconf 85' lang='lat' dir='ltr'>ilic</span> <span class='ocrx_word' id='word_1_488' title='bbox 1055 3699 1117 3750; x_wconf 88' lang='lat' dir='ltr'>mihi</span> <span class='ocrx_word' id='word_1_489' title='bbox 1127 3700 1219 3751; x_wconf 86' lang='lat' dir='ltr'>amanti</span> <span class='ocrx_word' id='word_1_490' title='bbox 1231 3702 1267 3750; x_wconf 87' lang='lat' dir='ltr'>est</span> <span class='ocrx_word' id='word_1_491' title='bbox 1282 3700 1485 3764; x_wconf 86' lang='lat' dir='ltr'>socius-itineris;</span> <span class='ocrx_word' id='word_1_492' title='bbox 1498 3716 1545 3754; x_wconf 90' lang='lat' dir='ltr'>nec</span> <span class='ocrx_word' id='word_1_493' title='bbox 1557 3703 1656 3768; x_wconf 87' lang='lat' dir='ltr'>speculo</span> 
     </span>
     <span class='ocr_line' id='line_1_85' title="bbox 1030 3787 1626 3855; baseline 0.005 -17"><span class='ocrx_word' id='word_1_494' title='bbox 1030 3787 1141 3852; x_wconf 78' lang='lat' dir='ltr'>indigeo,</span> <span class='ocrx_word' id='word_1_495' title='bbox 1151 3787 1197 3842; x_wconf 87' lang='lat' dir='ltr'>sed</span> <span class='ocrx_word' id='word_1_496' title='bbox 1206 3788 1232 3838; x_wconf 92' lang='lat' dir='ltr'>in</span> <span class='ocrx_word' id='word_1_497' title='bbox 1243 3801 1273 3838; x_wconf 89' lang='lat' dir='ltr'>eo</span> <span class='ocrx_word' id='word_1_498' title='bbox 1283 3801 1324 3840; x_wconf 89' lang='lat' dir='ltr'>me</span> <span class='ocrx_word' id='word_1_499' title='bbox 1338 3788 1420 3854; x_wconf 88' lang='lat' dir='ltr'>ipsum</span> <span class='ocrx_word' id='word_1_500' title='bbox 1431 3805 1476 3855; x_wconf 76' lang='lat' dir='ltr'>ego</span> <span class='ocrx_word' id='word_1_501' title='bbox 1489 3791 1626 3855; x_wconf 86' lang='lat' dir='ltr'>conspicio,</span> 
     </span>
    </p>

    <p class='ocr_par' dir='ltr' id='par_1_38' title="bbox 999 3877 1767 3942">
     <span class='ocr_line' id='line_1_86' title="bbox 999 3877 1767 3942; baseline 0.005 -14"><span class='ocrx_word' id='word_1_502' title='bbox 999 3879 1025 3928; x_wconf 88' lang='lat' dir='ltr'>et</span> <span class='ocrx_word' id='word_1_503' title='bbox 1034 3877 1158 3929; x_wconf 80' lang='lat' dir='ltr'>formosus</span> <span class='ocrx_word' id='word_1_504' title='bbox 1170 3879 1207 3928; x_wconf 87' lang='lat' dir='ltr'>est</span> <span class='ocrx_word' id='word_1_505' title='bbox 1221 3877 1285 3928; x_wconf 90' lang='lat' dir='ltr'>utin</span> <span class='ocrx_word' id='word_1_506' title='bbox 1295 3891 1386 3929; x_wconf 83' lang='lat' dir='ltr'>autore.</span> <span class='ocrx_word' id='word_1_507' title='bbox 1397 3881 1435 3928; x_wconf 86' lang='lat' dir='ltr'>Tu</span> <span class='ocrx_word' id='word_1_508' title='bbox 1445 3893 1504 3930; x_wconf 85' lang='grc' dir='ltr'>νονο</span> <span class='ocrx_word' id='word_1_509' title='bbox 1514 3880 1592 3930; x_wconf 88' lang='lat' dir='ltr'>simei</span> <span class='ocrx_word' id='word_1_510' title='bbox 1602 3880 1767 3942; x_wconf 85' lang='lat' dir='ltr'>obliviscaris,</span> 
     </span>
    </p>
   </div>
   <div class='ocr_carea' id='block_1_24' title="bbox 997 4041 1684 4525">
    <p class='ocr_par' dir='ltr' id='par_1_39' title="bbox 999 4041 1684 4190">
     <span class='ocr_line' id='line_1_87' title="bbox 999 4041 1684 4109; baseline 0.006 -19"><span class='ocrx_word' id='word_1_511' title='bbox 999 4041 1101 4091; x_wconf 84' lang='lat' dir='ltr'>Gurruia</span> <span class='ocrx_word' id='word_1_512' title='bbox 1113 4058 1185 4108; x_wconf 89' lang='lat' dir='ltr'>parce</span> <span class='ocrx_word' id='word_1_513' title='bbox 1197 4043 1271 4106; x_wconf 89' lang='lat' dir='ltr'>ioqui,</span> <span class='ocrx_word' id='word_1_514' title='bbox 1288 4059 1358 4109; x_wconf 88' lang='lat' dir='ltr'>parce</span> <span class='ocrx_word' id='word_1_515' title='bbox 1368 4041 1450 4092; x_wconf 87' lang='lat' dir='ltr'>invida</span> <span class='ocrx_word' id='word_1_516' title='bbox 1463 4060 1470 4093; x_wconf 73' lang='grc' dir='ltr'>ι</span> <span class='ocrx_word' id='word_1_517' title='bbox 1484 4061 1533 4094; x_wconf 92' lang='lat' dir='ltr'>non</span> <span class='ocrx_word' id='word_1_518' title='bbox 1546 4043 1684 4094; x_wconf 80' lang='lat' dir='ltr'>Philomeire</span> 
     </span>
     <span class='ocr_line' id='line_1_88' title="bbox 1032 4124 1604 4190; baseline 0.007 -18"><span class='ocrx_word' id='word_1_519' title='bbox 1032 4127 1073 4172; x_wconf 83' lang='lat' dir='ltr'>Est</span> <span class='ocrx_word' id='word_1_520' title='bbox 1086 4124 1206 4189; x_wconf 83' lang='lat' dir='ltr'>quondam</span> <span class='ocrx_word' id='word_1_521' title='bbox 1221 4125 1329 4174; x_wconf 88' lang='lat' dir='ltr'>manibus</span> <span class='ocrx_word' id='word_1_522' title='bbox 1345 4125 1424 4190; x_wconf 74' lang='lat' dir='ltr'>lingna</span> <span class='ocrx_word' id='word_1_523' title='bbox 1436 4135 1526 4176; x_wconf 84' lang='lat' dir='ltr'>resecta</span> <span class='ocrx_word' id='word_1_524' title='bbox 1539 4127 1604 4178; x_wconf 86' lang='lat' dir='ltr'>meis.</span> 
     </span>
    </p>

    <p class='ocr_par' dir='ltr' id='par_1_40' title="bbox 999 4208 1591 4362">
     <span class='ocr_line' id='line_1_89' title="bbox 999 4208 1568 4276; baseline 0.005 -19"><span class='ocrx_word' id='word_1_525' title='bbox 999 4211 1045 4270; x_wconf 88' lang='lat' dir='ltr'>lte,</span> <span class='ocrx_word' id='word_1_526' title='bbox 1058 4225 1102 4274; x_wconf 89' lang='lat' dir='ltr'>per</span> <span class='ocrx_word' id='word_1_527' title='bbox 1113 4208 1238 4258; x_wconf 87' lang='lat' dir='ltr'>umbrosos</span> <span class='ocrx_word' id='word_1_528' title='bbox 1249 4209 1336 4276; x_wconf 86' lang='lat' dir='ltr'>ltyiurn</span> <span class='ocrx_word' id='word_1_529' title='bbox 1350 4211 1443 4276; x_wconf 89' lang='lat' dir='ltr'>plorate</span> <span class='ocrx_word' id='word_1_530' title='bbox 1455 4227 1568 4271; x_wconf 88' lang='lat' dir='ltr'>recessus,</span> 
     </span>
     <span class='ocr_line' id='line_1_90' title="bbox 1031 4293 1591 4362; baseline 0.005 -20"><span class='ocrx_word' id='word_1_531' title='bbox 1031 4296 1139 4358; x_wconf 78' lang='lat' dir='ltr'>Perque</span> <span class='ocrx_word' id='word_1_532' title='bbox 1151 4302 1215 4342; x_wconf 82' lang='lat' dir='ltr'>vasta</span> <span class='ocrx_word' id='word_1_533' title='bbox 1227 4293 1289 4342; x_wconf 83' lang='lat' dir='ltr'>ierus</span> <span class='ocrx_word' id='word_1_534' title='bbox 1301 4293 1406 4344; x_wconf 87' lang='lat' dir='ltr'>culmina</span> <span class='ocrx_word' id='word_1_535' title='bbox 1416 4303 1494 4344; x_wconf 76' lang='lat' dir='ltr'>servm</span> <span class='ocrx_word' id='word_1_536' title='bbox 1507 4311 1591 4362; x_wconf 82' lang='lat' dir='ltr'>epops,</span> 
     </span>
    </p>

    <p class='ocr_par' dir='ltr' id='par_1_41' title="bbox 997 4376 1679 4525">
     <span class='ocr_line' id='line_1_91' title="bbox 997 4376 1679 4443; baseline 0.004 -18"><span class='ocrx_word' id='word_1_537' title='bbox 997 4378 1031 4425; x_wconf 91' lang='lat' dir='ltr'>Ut</span> <span class='ocrx_word' id='word_1_538' title='bbox 1042 4377 1149 4443; x_wconf 88' lang='lat' dir='ltr'>paullum</span> <span class='ocrx_word' id='word_1_539' title='bbox 1162 4377 1267 4427; x_wconf 85' lang='lat' dir='ltr'>dormire</span> <span class='ocrx_word' id='word_1_540' title='bbox 1277 4377 1342 4426; x_wconf 88' lang='lat' dir='ltr'>sinar</span> <span class='ocrx_word' id='word_1_541' title='bbox 1356 4393 1362 4428; x_wconf 80' lang='grc' dir='ltr'>ι</span> <span class='ocrx_word' id='word_1_542' title='bbox 1377 4376 1436 4426; x_wconf 90' lang='lat' dir='ltr'>mihi</span> <span class='ocrx_word' id='word_1_543' title='bbox 1448 4377 1510 4428; x_wconf 79' lang='lat' dir='ltr'>forte</span> <span class='ocrx_word' id='word_1_544' title='bbox 1523 4377 1679 4429; x_wconf 81' lang='lat' dir='ltr'>Rhodanthes</span> 
     </span>
     <span class='ocr_line' id='line_1_92' title="bbox 1030 4458 1514 4525; baseline 0.004 -17"><span class='ocrx_word' id='word_1_545' title='bbox 1030 4459 1161 4525; x_wconf 82' lang='lat' dir='ltr'>Amplexus</span> <span class='ocrx_word' id='word_1_546' title='bbox 1171 4459 1248 4508; x_wconf 89' lang='lat' dir='ltr'>somni</span> <span class='ocrx_word' id='word_1_547' title='bbox 1261 4458 1340 4509; x_wconf 87' lang='lat' dir='ltr'>mollis</span> <span class='ocrx_word' id='word_1_548' title='bbox 1352 4459 1427 4524; x_wconf 83' lang='lat' dir='ltr'>imago</span> <span class='ocrx_word' id='word_1_549' title='bbox 1439 4459 1514 4516; x_wconf 84' lang='lat' dir='ltr'>dubit.</span> 
     </span>
    </p>
   </div>
   <div class='ocr_carea' id='block_1_25' title="bbox 1192 4635 1560 4703">
    <p class='ocr_par' dir='ltr' id='par_1_42' title="bbox 1192 4635 1560 4703">
     <span class='ocr_line' id='line_1_93' title="bbox 1192 4635 1560 4703; baseline 0.014 -23"><span class='ocrx_word' id='word_1_550' title='bbox 1192 4635 1265 4703; x_wconf 30' lang='lat'>⁸238.</span> <span class='ocrx_word' id='word_1_551' title='bbox 1289 4649 1424 4683; x_wconf 74' lang='lat' dir='ltr'>uicenoiur</span> <span class='ocrx_word' id='word_1_552' title='bbox 1438 4650 1560 4685; x_wconf 78' lang='lat' dir='ltr'>consuere.</span> 
     </span>
    </p>
   </div>
   <div class='ocr_carea' id='block_1_26' title="bbox 970 4791 1693 5358">
    <p class='ocr_par' dir='ltr' id='par_1_43' title="bbox 995 4791 1604 4946">
     <span class='ocr_line' id='line_1_94' title="bbox 995 4791 1499 4862; baseline 0.016 -23"><span class='ocrx_word' id='word_1_553' title='bbox 995 4791 1088 4857; x_wconf 82' lang='lat' dir='ltr'>vagina</span> <span class='ocrx_word' id='word_1_554' title='bbox 1099 4793 1188 4857; x_wconf 79' lang='lat' dir='ltr'>gladius</span> <span class='ocrx_word' id='word_1_555' title='bbox 1199 4810 1243 4844; x_wconf 91' lang='lat' dir='ltr'>cur</span> <span class='ocrx_word' id='word_1_556' title='bbox 1256 4796 1325 4846; x_wconf 83' lang='lat' dir='ltr'>exit?</span> <span class='ocrx_word' id='word_1_557' title='bbox 1339 4806 1363 4846; x_wconf 89' lang='lat' dir='ltr'>te</span> <span class='ocrx_word' id='word_1_558' title='bbox 1377 4797 1421 4846; x_wconf 83' lang='lat' dir='ltr'>tibi</span> <span class='ocrx_word' id='word_1_559' title='bbox 1433 4798 1499 4862; x_wconf 84' lang='lat' dir='ltr'>juro,</span> 
     </span>
     <span class='ocr_line' id='line_1_95' title="bbox 1026 4875 1604 4946; baseline 0.007 -21"><span class='ocrx_word' id='word_1_560' title='bbox 1026 4877 1083 4925; x_wconf 86' lang='lat' dir='ltr'>Non</span> <span class='ocrx_word' id='word_1_561' title='bbox 1096 4891 1138 4940; x_wconf 81' lang='lat' dir='ltr'>ego</span> <span class='ocrx_word' id='word_1_562' title='bbox 1150 4885 1178 4925; x_wconf 93' lang='lat' dir='ltr'>nt</span> <span class='ocrx_word' id='word_1_563' title='bbox 1189 4875 1311 4942; x_wconf 82' lang='lat' dir='ltr'>indiguum</span> <span class='ocrx_word' id='word_1_564' title='bbox 1323 4880 1428 4946; x_wconf 84' lang='lat' dir='ltr'>Cypride</span> <span class='ocrx_word' id='word_1_565' title='bbox 1440 4879 1498 4945; x_wconf 91' lang='lat' dir='ltr'>quid</span> <span class='ocrx_word' id='word_1_566' title='bbox 1511 4879 1604 4929; x_wconf 82' lang='lat' dir='ltr'>inciam.</span> 
     </span>
    </p>

    <p class='ocr_par' dir='ltr' id='par_1_44' title="bbox 994 4955 1693 5114">
     <span class='ocr_line' id='line_1_96' title="bbox 994 4955 1693 5030; baseline 0.007 -23"><span class='ocrx_word' id='word_1_567' title='bbox 994 4959 1039 5008; x_wconf 91' lang='lat' dir='ltr'>Sed</span> <span class='ocrx_word' id='word_1_568' title='bbox 1053 4958 1098 5008; x_wconf 91' lang='lat' dir='ltr'>tibi</span> <span class='ocrx_word' id='word_1_569' title='bbox 1108 4959 1142 5009; x_wconf 88' lang='lat' dir='ltr'>sie</span> <span class='ocrx_word' id='word_1_570' title='bbox 1153 4963 1266 5026; x_wconf 88' lang='lat' dir='ltr'>Martem,</span> <span class='ocrx_word' id='word_1_571' title='bbox 1278 4963 1385 5028; x_wconf 74' lang='lat' dir='ltr'>quamtis</span> <span class='ocrx_word' id='word_1_572' title='bbox 1401 4955 1455 5014; x_wconf 83' lang='lat' dir='ltr'>trux</span> <span class='ocrx_word' id='word_1_573' title='bbox 1470 4965 1511 5013; x_wconf 90' lang='lat' dir='ltr'>iiie</span> <span class='ocrx_word' id='word_1_574' title='bbox 1525 4963 1636 5030; x_wconf 84' lang='lat' dir='ltr'>ferusque</span> <span class='ocrx_word' id='word_1_575' title='bbox 1646 4973 1693 5026; x_wconf 87' lang='lat' dir='ltr'>est,</span> 
     </span>
     <span class='ocr_line' id='line_1_97' title="bbox 1027 5043 1479 5114; baseline 0.013 -21"><span class='ocrx_word' id='word_1_576' title='bbox 1027 5043 1132 5093; x_wconf 83' lang='lat' dir='ltr'>Ostende</span> <span class='ocrx_word' id='word_1_577' title='bbox 1141 5046 1242 5095; x_wconf 80' lang='lat' dir='ltr'>Veneris</span> <span class='ocrx_word' id='word_1_578' title='bbox 1251 5048 1332 5097; x_wconf 88' lang='lat' dir='ltr'>mollia</span> <span class='ocrx_word' id='word_1_579' title='bbox 1341 5048 1406 5113; x_wconf 84' lang='lat' dir='ltr'>jussa</span> <span class='ocrx_word' id='word_1_580' title='bbox 1420 5049 1479 5114; x_wconf 90' lang='lat' dir='ltr'>pati.</span> 
     </span>
    </p>

    <p class='ocr_par' dir='ltr' id='par_1_45' title="bbox 993 5124 1641 5281">
     <span class='ocr_line' id='line_1_98' title="bbox 993 5124 1641 5198; baseline 0.008 -24"><span class='ocrx_word' id='word_1_581' title='bbox 993 5124 1039 5176; x_wconf 82' lang='lat' dir='ltr'>ttic</span> <span class='ocrx_word' id='word_1_582' title='bbox 1051 5141 1138 5188; x_wconf 85' lang='lat' dir='ltr'>comes,</span> <span class='ocrx_word' id='word_1_583' title='bbox 1151 5125 1191 5177; x_wconf 89' lang='lat' dir='ltr'>hie</span> <span class='ocrx_word' id='word_1_584' title='bbox 1202 5145 1271 5178; x_wconf 88' lang='lat' dir='ltr'>usum</span> <span class='ocrx_word' id='word_1_585' title='bbox 1280 5130 1370 5196; x_wconf 85' lang='lat' dir='ltr'>speculi</span> <span class='ocrx_word' id='word_1_586' title='bbox 1381 5130 1440 5180; x_wconf 88' lang='lat' dir='ltr'>mihi</span> <span class='ocrx_word' id='word_1_587' title='bbox 1449 5131 1539 5198; x_wconf 80' lang='lat' dir='ltr'>prebet</span> <span class='ocrx_word' id='word_1_588' title='bbox 1555 5131 1641 5180; x_wconf 88' lang='lat' dir='ltr'>amnuti</span> 
     </span>
     <span class='ocr_line' id='line_1_99' title="bbox 1025 5207 1591 5281; baseline 0.007 -25"><span class='ocrx_word' id='word_1_589' title='bbox 1025 5207 1092 5257; x_wconf 85' lang='lat' dir='ltr'>Ensis</span> <span class='ocrx_word' id='word_1_590' title='bbox 1105 5225 1112 5260; x_wconf 76' lang='grc' dir='ltr'>τ</span> <span class='ocrx_word' id='word_1_591' title='bbox 1126 5208 1151 5259; x_wconf 89' lang='lat' dir='ltr'>in</span> <span class='ocrx_word' id='word_1_592' title='bbox 1164 5208 1210 5260; x_wconf 89' lang='lat' dir='ltr'>hoc</span> <span class='ocrx_word' id='word_1_593' title='bbox 1221 5211 1303 5261; x_wconf 79' lang='lat' dir='ltr'>uideor</span> <span class='ocrx_word' id='word_1_594' title='bbox 1314 5211 1415 5278; x_wconf 82' lang='lat' dir='ltr'>pulcher</span> <span class='ocrx_word' id='word_1_595' title='bbox 1426 5223 1450 5264; x_wconf 87' lang='lat' dir='ltr'>et</span> <span class='ocrx_word' id='word_1_596' title='bbox 1462 5214 1512 5281; x_wconf 90' lang='lat' dir='ltr'>ipse</span> <span class='ocrx_word' id='word_1_597' title='bbox 1522 5213 1591 5274; x_wconf 87' lang='lat' dir='ltr'>mihi,</span> 
     </span>
    </p>

    <p class='ocr_par' dir='ltr' id='par_1_46' title="bbox 970 5265 1589 5358">
     <span class='ocr_line' id='line_1_100' title="bbox 970 5265 1589 5358; baseline -0.002 -14"><span class='ocrx_word' id='word_1_598' title='bbox 970 5265 976 5344; x_wconf 91' lang='lat' dir='ltr'>i</span> <span class='ocrx_word' id='word_1_599' title='bbox 993 5294 1115 5356; x_wconf 79' lang='lat' dir='ltr'>Quantum</span> <span class='ocrx_word' id='word_1_600' title='bbox 1126 5291 1271 5343; x_wconf 80' lang='lat' dir='ltr'>siritAmor.</span> <span class='ocrx_word' id='word_1_601' title='bbox 1282 5294 1339 5358; x_wconf 88' lang='lat' dir='ltr'>Sed,</span> <span class='ocrx_word' id='word_1_602' title='bbox 1351 5295 1371 5344; x_wconf 87' lang='lat' dir='ltr'>si</span> <span class='ocrx_word' id='word_1_603' title='bbox 1384 5311 1423 5344; x_wconf 91' lang='lat' dir='ltr'>me</span> <span class='ocrx_word' id='word_1_604' title='bbox 1435 5295 1533 5357; x_wconf 85' lang='lat' dir='ltr'>deseris,</span> <span class='ocrx_word' id='word_1_605' title='bbox 1546 5294 1589 5343; x_wconf 91' lang='lat' dir='ltr'>ibit</span> 
     </span>
    </p>
   </div>
   <div class='ocr_carea' id='block_1_27' title="bbox 0 0 1974 5952">
    <p class='ocr_par' dir='ltr' id='par_1_47' title="bbox 0 0 1974 5952">
     <span class='ocr_line' id='line_1_101' title="bbox 0 0 1974 5952; baseline 0 6"><span class='ocrx_word' id='word_1_606' title='bbox 0 0 1974 5952; x_wconf 95' lang='lat' dir='ltr'> </span> 
     </span>
    </p>
   </div>
  </div>
 </body>
</html>
