<?xml version="1.0" encoding="UTF-8"?>
<!DOCTYPE html PUBLIC "-//W3C//DTD XHTML 1.0 Transitional//EN"
    "http://www.w3.org/TR/xhtml1/DTD/xhtml1-transitional.dtd">
<html xmlns="http://www.w3.org/1999/xhtml" xml:lang="en" lang="en">
 <head>
  <title>
</title>
<meta http-equiv="Content-Type" content="text/html;charset=utf-8" />
  <meta name='ocr-system' content='tesseract 3.04.00' />
  <meta name='ocr-capabilities' content='ocr_page ocr_carea ocr_par ocr_line ocrx_word'/>
</head>
<body>
  <div class='ocr_page' id='page_1' title='image "./epigrammatumant01couggoog/epigrammatumant01couggoog_0082.png"; bbox 0 0 3946 5952; ppageno 0'>
   <div class='ocr_carea' id='block_1_1' title="bbox 621 413 1731 483">
    <p class='ocr_par' dir='ltr' id='par_1_1' title="bbox 621 413 1731 483">
     <span class='ocr_line' id='line_1_1' title="bbox 621 413 1731 483; baseline 0.01 -11"><span class='ocrx_word' id='word_1_1' title='bbox 621 413 659 472; x_wconf 81' lang='lat' dir='ltr'><strong>IN</strong></span> <span class='ocrx_word' id='word_1_2' title='bbox 681 413 805 474; x_wconf 86' lang='lat' dir='ltr'><strong>CAPUT</strong></span> <span class='ocrx_word' id='word_1_3' title='bbox 824 415 993 475; x_wconf 71' lang='lat' dir='ltr'><strong>&#39;lERTlUM</strong></span> <span class='ocrx_word' id='word_1_4' title='bbox 1013 414 1242 475; x_wconf 81' lang='lat' dir='ltr'><strong>ANNOTATlO.</strong></span> <span class='ocrx_word' id='word_1_5' title='bbox 1694 427 1731 483; x_wconf 81' lang='lat' dir='ltr'><strong>di</strong></span> 
     </span>
    </p>
   </div>
   <div class='ocr_carea' id='block_1_2' title="bbox 121 541 1736 898">
    <p class='ocr_par' dir='ltr' id='par_1_2' title="bbox 121 541 1736 898">
     <span class='ocr_line' id='line_1_2' title="bbox 123 541 1733 615; baseline 0.005 -21"><span class='ocrx_word' id='word_1_6' title='bbox 123 544 231 594; x_wconf 78' lang='lat' dir='ltr'><strong>nominis</strong></span> <span class='ocrx_word' id='word_1_7' title='bbox 245 543 332 592; x_wconf 80' lang='lat' dir='ltr'><strong>Eunoi.</strong></span> <span class='ocrx_word' id='word_1_8' title='bbox 346 546 374 593; x_wconf 93' lang='lat' dir='ltr'><strong>ln</strong></span> <span class='ocrx_word' id='word_1_9' title='bbox 388 541 528 593; x_wconf 78' lang='lat' dir='ltr'><strong>Philostrati</strong></span> <span class='ocrx_word' id='word_1_10' title='bbox 545 545 602 592; x_wconf 83' lang='lat' dir='ltr'><strong>ilar.</strong></span> <span class='ocrx_word' id='word_1_11' title='bbox 614 556 638 606; x_wconf 89' lang='lat' dir='ltr'><strong>p.</strong></span> <span class='ocrx_word' id='word_1_12' title='bbox 656 548 699 604; x_wconf 78' lang='lat' dir='ltr'><strong>tto</strong></span> <span class='ocrx_word' id='word_1_13' title='bbox 715 545 801 609; x_wconf 77' lang='lat' dir='ltr'>scripsi</span> <span class='ocrx_word' id='word_1_14' title='bbox 814 545 908 606; x_wconf 83' lang='grc' dir='ltr'><strong>Εῠνεῳ,</strong></span> <span class='ocrx_word' id='word_1_15' title='bbox 986 548 1049 596; x_wconf 82' lang='lat' dir='ltr'><strong>lllV.</strong></span> <span class='ocrx_word' id='word_1_16' title='bbox 1066 548 1095 596; x_wconf 89' lang='lat' dir='ltr'><strong>ln</strong></span> <span class='ocrx_word' id='word_1_17' title='bbox 1112 546 1225 597; x_wconf 89' lang='lat' dir='ltr'><strong>lemmate</strong></span> <span class='ocrx_word' id='word_1_18' title='bbox 1244 547 1331 598; x_wconf 85' lang='lat' dir='ltr'><strong>vitiose</strong></span> <span class='ocrx_word' id='word_1_19' title='bbox 1344 548 1405 598; x_wconf 86' lang='lat' dir='ltr'><strong>Cod.</strong></span> <span class='ocrx_word' id='word_1_20' title='bbox 1419 550 1472 606; x_wconf 83' lang='grc' dir='ltr'><strong>τοὺς</strong></span> <span class='ocrx_word' id='word_1_21' title='bbox 1492 549 1545 614; x_wconf 86' lang='lat' dir='ltr'><strong>(pro</strong></span> <span class='ocrx_word' id='word_1_22' title='bbox 1559 552 1653 612; x_wconf 83' lang='grc' dir='ltr'><strong>Τιτυός,</strong></span> <span class='ocrx_word' id='word_1_23' title='bbox 1668 554 1733 615; x_wconf 87' lang='lat' dir='ltr'><strong>qnod</strong></span> 
     </span>
     <span class='ocr_line' id='line_1_3' title="bbox 121 612 1734 683; baseline 0.006 -20"><span class='ocrx_word' id='word_1_24' title='bbox 121 613 246 664; x_wconf 86' lang='lat' dir='ltr'><strong>debebam</strong></span> <span class='ocrx_word' id='word_1_25' title='bbox 255 613 339 664; x_wconf 73' lang='lat' dir='ltr'><strong>forsan</strong></span> <span class='ocrx_word' id='word_1_26' title='bbox 350 614 437 674; x_wconf 80' lang='grc' dir='ltr'><strong>Εονέῳ.</strong></span> <span class='ocrx_word' id='word_1_27' title='bbox 451 614 596 668; x_wconf 68' lang='lat' dir='ltr'><strong>listhene:</strong></span> <span class='ocrx_word' id='word_1_28' title='bbox 610 612 690 663; x_wconf 85' lang='lat' dir='ltr'><strong>dictus</strong></span> <span class='ocrx_word' id='word_1_29' title='bbox 703 613 841 664; x_wconf 79' lang='lat' dir='ltr'><strong>scholiasta</strong></span> <span class='ocrx_word' id='word_1_30' title='bbox 855 614 910 665; x_wconf 83' lang='lat' dir='ltr'><strong>Piu-</strong></span> <span class='ocrx_word' id='word_1_31' title='bbox 955 617 1062 668; x_wconf 76' lang='lat' dir='ltr'><strong>restituit</strong></span> <span class='ocrx_word' id='word_1_32' title='bbox 1082 617 1181 681; x_wconf 84' lang='lat' dir='ltr'><strong>zoega),</strong></span> <span class='ocrx_word' id='word_1_33' title='bbox 1195 617 1283 668; x_wconf 89' lang='lat' dir='ltr'><strong>deinde</strong></span> <span class='ocrx_word' id='word_1_34' title='bbox 1295 620 1456 681; x_wconf 80' lang='grc' dir='ltr'><strong>ταίευομίνανς</strong></span> <span class='ocrx_word' id='word_1_35' title='bbox 1471 623 1497 670; x_wconf 90' lang='lat' dir='ltr'><strong>et</strong></span> <span class='ocrx_word' id='word_1_36' title='bbox 1512 621 1651 683; x_wconf 81' lang='grc' dir='ltr'><strong>ἐτόλμησαν.</strong></span> <span class='ocrx_word' id='word_1_37' title='bbox 1665 624 1734 673; x_wconf 87' lang='lat' dir='ltr'><strong>Unde</strong></span> 
     </span>
     <span class='ocr_line' id='line_1_4' title="bbox 121 683 1735 752; baseline 0.008 -20"><span class='ocrx_word' id='word_1_38' title='bbox 121 684 179 733; x_wconf 86' lang='lat' dir='ltr'><strong>dari</strong></span> <span class='ocrx_word' id='word_1_39' title='bbox 192 688 249 748; x_wconf 79' lang='lat' dir='ltr'><strong>Arg.</strong></span> <span class='ocrx_word' id='word_1_40' title='bbox 266 686 336 733; x_wconf 83' lang='lat' dir='ltr'><strong>Nem.</strong></span> <span class='ocrx_word' id='word_1_41' title='bbox 353 685 385 734; x_wconf 82' lang='lat' dir='ltr'><strong>at</strong></span> <span class='ocrx_word' id='word_1_42' title='bbox 399 683 490 747; x_wconf 88' lang='lat' dir='ltr'><strong>pariter</strong></span> <span class='ocrx_word' id='word_1_43' title='bbox 501 683 610 734; x_wconf 83' lang='lat' dir='ltr'><strong>Eudocia</strong></span> <span class='ocrx_word' id='word_1_44' title='bbox 625 684 687 733; x_wconf 78' lang='lat' dir='ltr'><strong>Vici.</strong></span> <span class='ocrx_word' id='word_1_45' title='bbox 702 697 727 747; x_wconf 91' lang='lat' dir='ltr'><strong>p.</strong></span> <span class='ocrx_word' id='word_1_46' title='bbox 742 690 788 736; x_wconf 76' lang='grc'><strong>238</strong></span> <span class='ocrx_word' id='word_1_47' title='bbox 805 706 811 735; x_wconf 90' lang='lat'>:</span> <span class='ocrx_word' id='word_1_48' title='bbox 826 687 853 734; x_wconf 85' lang='grc' dir='ltr'><strong>ἐκ</strong></span> <span class='ocrx_word' id='word_1_49' title='bbox 869 691 909 743; x_wconf 85' lang='grc' dir='ltr'><strong>τῆς</strong></span> <span class='ocrx_word' id='word_1_50' title='bbox 954 699 1022 736; x_wconf 79' lang='lat' dir='ltr'><strong>error</strong></span> <span class='ocrx_word' id='word_1_51' title='bbox 1033 687 1241 752; x_wconf 83' lang='lat' dir='ltr'><strong>insoholiomarg.</strong></span> <span class='ocrx_word' id='word_1_52' title='bbox 1254 691 1321 752; x_wconf 81' lang='lat' dir='ltr'><strong>:napi</strong></span> <span class='ocrx_word' id='word_1_53' title='bbox 1330 695 1376 738; x_wconf 81' lang='grc' dir='ltr'><strong>τῶν</strong></span> <span class='ocrx_word' id='word_1_54' title='bbox 1384 693 1441 738; x_wconf 65' lang='lat' dir='ltr'><strong>utar</strong></span> <span class='ocrx_word' id='word_1_55' title='bbox 1451 692 1546 750; x_wconf 77' lang='grc' dir='ltr'><strong>Νιύθης,</strong></span> <span class='ocrx_word' id='word_1_56' title='bbox 1554 693 1593 747; x_wconf 80' lang='grc' dir='ltr'><strong>οὒς</strong></span> <span class='ocrx_word' id='word_1_57' title='bbox 1604 693 1735 745; x_wconf 82' lang='grc' dir='ltr'><strong>θπίκτεινεν</strong></span> 
     </span>
     <span class='ocr_line' id='line_1_5' title="bbox 121 754 1736 826; baseline 0.014 -31"><span class='ocrx_word' id='word_1_58' title='bbox 121 756 253 817; x_wconf 63' lang='grc' dir='ltr'><strong>ἰ-ρτςροης</strong></span> <span class='ocrx_word' id='word_1_59' title='bbox 266 759 307 812; x_wconf 80' lang='grc' dir='ltr'><strong>τῆς</strong></span> <span class='ocrx_word' id='word_1_60' title='bbox 325 755 430 814; x_wconf 83' lang='grc' dir='ltr'><strong>Λημνίας</strong></span> <span class='ocrx_word' id='word_1_61' title='bbox 448 755 538 811; x_wconf 74' lang='grc' dir='ltr'><strong>Εὔνους</strong></span> <span class='ocrx_word' id='word_1_62' title='bbox 552 757 567 814; x_wconf 77' lang='grc' dir='ltr'><strong>η</strong></span> <span class='ocrx_word' id='word_1_63' title='bbox 585 755 684 814; x_wconf 82' lang='grc' dir='ltr'><strong>Εὔηνος,</strong></span> <span class='ocrx_word' id='word_1_64' title='bbox 698 754 734 804; x_wconf 88' lang='lat' dir='ltr'><strong>sic</strong></span> <span class='ocrx_word' id='word_1_65' title='bbox 747 755 908 817; x_wconf 83' lang='lat' dir='ltr'><strong>Villoisonus,</strong></span> <span class='ocrx_word' id='word_1_66' title='bbox 954 758 1079 808; x_wconf 75' lang='grc' dir='ltr'><strong>Ἁπόλλων.</strong></span> <span class='ocrx_word' id='word_1_67' title='bbox 1088 763 1150 809; x_wconf 78' lang='grc' dir='ltr'><strong>-υ,</strong></span> <span class='ocrx_word' id='word_1_68' title='bbox 1161 777 1174 801; x_wconf 77' lang='grc' dir='ltr'><strong>ι</strong></span> <span class='ocrx_word' id='word_1_69' title='bbox 1183 760 1241 817; x_wconf 77' lang='grc' dir='ltr'><strong>Ὃς,</strong></span> <span class='ocrx_word' id='word_1_70' title='bbox 1251 759 1372 822; x_wconf 84' lang='lat' dir='ltr'><strong>luppiter,</strong></span> <span class='ocrx_word' id='word_1_71' title='bbox 1381 759 1471 811; x_wconf 92' lang='lat' dir='ltr'><strong>liberos</strong></span> <span class='ocrx_word' id='word_1_72' title='bbox 1486 774 1545 812; x_wconf 88' lang='lat' dir='ltr'><strong>suos</strong></span> <span class='ocrx_word' id='word_1_73' title='bbox 1560 764 1631 826; x_wconf 80' lang='lat' dir='ltr'><strong>Tityo</strong></span> <span class='ocrx_word' id='word_1_74' title='bbox 1649 765 1736 817; x_wconf 90' lang='lat' dir='ltr'><strong>imrnit-</strong></span> 
     </span>
     <span class='ocr_line' id='line_1_6' title="bbox 121 821 1736 898; baseline 0.005 -23"><span class='ocrx_word' id='word_1_75' title='bbox 121 824 254 875; x_wconf 79' lang='lat' dir='ltr'><strong>sedcoder</strong></span> <span class='ocrx_word' id='word_1_76' title='bbox 263 827 330 874; x_wconf 89' lang='lat' dir='ltr'><strong>recte</strong></span> <span class='ocrx_word' id='word_1_77' title='bbox 337 821 515 883; x_wconf 70' lang='lat' dir='ltr'><strong>habeth&#39;imoe.</strong></span> <span class='ocrx_word' id='word_1_78' title='bbox 525 825 907 887; x_wconf 69' lang='lat' dir='ltr'><strong>FormaEevetcexstatinEtym.</strong></span> <span class='ocrx_word' id='word_1_79' title='bbox 954 828 1017 877; x_wconf 86' lang='lat' dir='ltr'><strong>tens.</strong></span> <span class='ocrx_word' id='word_1_80' title='bbox 1034 846 1047 871; x_wconf 83' lang='grc' dir='ltr'><strong>υ</strong></span> <span class='ocrx_word' id='word_1_81' title='bbox 1061 829 1118 878; x_wconf 82' lang='lat' dir='ltr'><strong>Joc.</strong></span> <span class='ocrx_word' id='word_1_82' title='bbox 1134 827 1215 878; x_wconf 84' lang='lat' dir='ltr'><strong>codex</strong></span> <span class='ocrx_word' id='word_1_83' title='bbox 1227 827 1323 893; x_wconf 71' lang='grc' dir='ltr'><strong>βορρᾶν,</strong></span> <span class='ocrx_word' id='word_1_84' title='bbox 1332 828 1364 878; x_wconf 94' lang='lat' dir='ltr'><strong>ob</strong></span> <span class='ocrx_word' id='word_1_85' title='bbox 1374 831 1489 880; x_wconf 88' lang='lat' dir='ltr'><strong>metrum.</strong></span> <span class='ocrx_word' id='word_1_86' title='bbox 1502 833 1539 881; x_wconf 88' lang='lat' dir='ltr'><strong>De</strong></span> <span class='ocrx_word' id='word_1_87' title='bbox 1553 846 1603 895; x_wconf 88' lang='lat' dir='ltr'><strong>qua</strong></span> <span class='ocrx_word' id='word_1_88' title='bbox 1617 835 1736 898; x_wconf 77' lang='lat' dir='ltr'><strong>scriptmn</strong></span> 
     </span>
    </p>
   </div>
   <div class='ocr_carea' id='block_1_3' title="bbox 121 894 1738 3906">
    <p class='ocr_par' dir='ltr' id='par_1_3' title="bbox 121 894 1738 3906">
     <span class='ocr_line' id='line_1_7' title="bbox 121 894 1736 970; baseline 0.009 -26"><span class='ocrx_word' id='word_1_89' title='bbox 121 898 159 946; x_wconf 79' lang='lat' dir='ltr'><strong>M.</strong></span> <span class='ocrx_word' id='word_1_90' title='bbox 170 895 219 945; x_wconf 90' lang='lat' dir='ltr'><strong>suh</strong></span> <span class='ocrx_word' id='word_1_91' title='bbox 236 895 350 944; x_wconf 80' lang='grc' dir='ltr'><strong>Εδντῑδαι.</strong></span> <span class='ocrx_word' id='word_1_92' title='bbox 361 894 439 944; x_wconf 85' lang='lat' dir='ltr'><strong>Euuei</strong></span> <span class='ocrx_word' id='word_1_93' title='bbox 453 897 478 944; x_wconf 90' lang='lat' dir='ltr'><strong>et</strong></span> <span class='ocrx_word' id='word_1_94' title='bbox 492 894 609 945; x_wconf 77' lang='lat' dir='ltr'><strong>Thoantis</strong></span> <span class='ocrx_word' id='word_1_95' title='bbox 622 894 712 945; x_wconf 87' lang='lat' dir='ltr'><strong>seriore</strong></span> <span class='ocrx_word' id='word_1_96' title='bbox 726 898 800 946; x_wconf 79' lang='lat' dir='ltr'><strong>aetate</strong></span> <span class='ocrx_word' id='word_1_97' title='bbox 815 895 910 959; x_wconf 89' lang='lat' dir='ltr'><strong>reperio</strong></span> <span class='ocrx_word' id='word_1_98' title='bbox 954 895 1008 946; x_wconf 81' lang='lat' dir='ltr'><strong>hec</strong></span> <span class='ocrx_word' id='word_1_99' title='bbox 1020 897 1194 949; x_wconf 66' lang='lat' dir='ltr'><strong>Boissonmim</strong></span> <span class='ocrx_word' id='word_1_100' title='bbox 1211 919 1218 948; x_wconf 74' lang='grc' dir='ltr'><strong>τ</strong></span> <span class='ocrx_word' id='word_1_101' title='bbox 1236 919 1249 943; x_wconf 79' lang='grc' dir='ltr'><strong>ι</strong></span> <span class='ocrx_word' id='word_1_102' title='bbox 1263 899 1372 950; x_wconf 83' lang='lat' dir='ltr'><strong>Diodori.</strong></span> <span class='ocrx_word' id='word_1_103' title='bbox 1384 899 1409 949; x_wconf 92' lang='lat' dir='ltr'><strong>iu</strong></span> <span class='ocrx_word' id='word_1_104' title='bbox 1422 900 1494 952; x_wconf 88' lang='lat' dir='ltr'><strong>Thes.</strong></span> <span class='ocrx_word' id='word_1_105' title='bbox 1508 915 1529 951; x_wconf 91' lang='lat' dir='ltr'><strong>s.</strong></span> <span class='ocrx_word' id='word_1_106' title='bbox 1545 904 1608 967; x_wconf 84' lang='grc' dir='ltr'><strong>Βαρδι</strong></span> <span class='ocrx_word' id='word_1_107' title='bbox 1622 907 1736 970; x_wconf 78' lang='lat' dir='ltr'><strong>mgitavit</strong></span> 
     </span>
     <span class='ocr_line' id='line_1_8' title="bbox 121 963 1736 1034; baseline 0.009 -21"><span class='ocrx_word' id='word_1_108' title='bbox 121 967 224 1015; x_wconf 88' lang='lat' dir='ltr'><strong>nomina</strong></span> <span class='ocrx_word' id='word_1_109' title='bbox 236 965 263 1014; x_wconf 89' lang='lat' dir='ltr'><strong>iu</strong></span> <span class='ocrx_word' id='word_1_110' title='bbox 275 964 368 1014; x_wconf 80' lang='lat' dir='ltr'><strong>familia</strong></span> <span class='ocrx_word' id='word_1_111' title='bbox 376 963 460 1014; x_wconf 80' lang='lat' dir='ltr'><strong>Attica</strong></span> <span class='ocrx_word' id='word_1_112' title='bbox 470 968 567 1015; x_wconf 87' lang='lat' dir='ltr'><strong>:narrat</strong></span> <span class='ocrx_word' id='word_1_113' title='bbox 576 965 667 1016; x_wconf 87' lang='lat' dir='ltr'><strong>scilieet</strong></span> <span class='ocrx_word' id='word_1_114' title='bbox 675 965 824 1016; x_wconf 80' lang='lat' dir='ltr'><strong>Plutarchus</strong></span> <span class='ocrx_word' id='word_1_115' title='bbox 834 965 907 1016; x_wconf 87' lang='lat' dir='ltr'><strong>Thes.</strong></span> <span class='ocrx_word' id='word_1_116' title='bbox 954 968 985 1020; x_wconf 92' lang='lat' dir='ltr'><strong>de</strong></span> <span class='ocrx_word' id='word_1_117' title='bbox 997 969 1196 1034; x_wconf 74' lang='lat' dir='ltr'><strong>transpositione,</strong></span> <span class='ocrx_word' id='word_1_118' title='bbox 1211 971 1276 1034; x_wconf 80' lang='grc' dir='ltr'><strong>θηρσὶ</strong></span> <span class='ocrx_word' id='word_1_119' title='bbox 1294 971 1365 1033; x_wconf 80' lang='grc' dir='ltr'><strong>βορὰν</strong></span> <span class='ocrx_word' id='word_1_120' title='bbox 1378 971 1418 1032; x_wconf 82' lang='grc' dir='ltr'><strong>δὲ,</strong></span> <span class='ocrx_word' id='word_1_121' title='bbox 1432 984 1481 1034; x_wconf 87' lang='lat' dir='ltr'><strong>qua</strong></span> <span class='ocrx_word' id='word_1_122' title='bbox 1494 973 1628 1024; x_wconf 78' lang='lat' dir='ltr'><strong>evitaretur</strong></span> <span class='ocrx_word' id='word_1_123' title='bbox 1639 975 1736 1028; x_wconf 72' lang='lat' dir='ltr'><strong>meolita</strong></span> 
     </span>
     <span class='ocr_line' id='line_1_9' title="bbox 122 1033 1734 1109; baseline 0.009 -25"><span class='ocrx_word' id='word_1_124' title='bbox 122 1049 148 1084; x_wconf 88' lang='lat' dir='ltr'><strong>e.</strong></span> <span class='ocrx_word' id='word_1_125' title='bbox 162 1043 192 1087; x_wconf 77' lang='lat' dir='ltr'><strong>aa</strong></span> <span class='ocrx_word' id='word_1_126' title='bbox 204 1034 322 1086; x_wconf 78' lang='lat' dir='ltr'><strong>habuisse</strong></span> <span class='ocrx_word' id='word_1_127' title='bbox 335 1033 458 1085; x_wconf 81' lang='lat' dir='ltr'><strong>Theseum</strong></span> <span class='ocrx_word' id='word_1_128' title='bbox 471 1035 496 1084; x_wconf 91' lang='lat' dir='ltr'><strong>in</strong></span> <span class='ocrx_word' id='word_1_129' title='bbox 510 1035 574 1086; x_wconf 92' lang='lat' dir='ltr'><strong>bello</strong></span> <span class='ocrx_word' id='word_1_130' title='bbox 587 1038 672 1086; x_wconf 88' lang='lat' dir='ltr'><strong>contra</strong></span> <span class='ocrx_word' id='word_1_131' title='bbox 684 1039 818 1087; x_wconf 77' lang='lat' dir='ltr'><strong>Amazonas</strong></span> <span class='ocrx_word' id='word_1_132' title='bbox 830 1035 910 1086; x_wconf 88' lang='lat' dir='ltr'><strong>socios</strong></span> <span class='ocrx_word' id='word_1_133' title='bbox 954 1039 1082 1104; x_wconf 89' lang='lat' dir='ltr'><strong>scriptura.</strong></span> <span class='ocrx_word' id='word_1_134' title='bbox 1104 1043 1154 1092; x_wconf 87' lang='lat' dir='ltr'><strong>liec</strong></span> <span class='ocrx_word' id='word_1_135' title='bbox 1171 1043 1256 1092; x_wconf 67' lang='lat' dir='ltr'><strong>emen</strong></span> <span class='ocrx_word' id='word_1_136' title='bbox 1276 1040 1451 1092; x_wconf 80' lang='lat' dir='ltr'><strong>mnectionem</strong></span> <span class='ocrx_word' id='word_1_137' title='bbox 1471 1044 1633 1095; x_wconf 77' lang='lat' dir='ltr'><strong>neemsariam</strong></span> <span class='ocrx_word' id='word_1_138' title='bbox 1656 1050 1734 1109; x_wconf 87' lang='lat' dir='ltr'><strong>putot.</strong></span> 
     </span>
     <span class='ocr_line' id='line_1_10' title="bbox 121 1105 1736 1178; baseline 0.007 -24"><span class='ocrx_word' id='word_1_139' title='bbox 121 1113 184 1169; x_wconf 75' lang='grc' dir='ltr'><strong>τρεῖς</strong></span> <span class='ocrx_word' id='word_1_140' title='bbox 200 1105 336 1162; x_wconf 75' lang='grc' dir='ltr'><strong>νεανίσκους</strong></span> <span class='ocrx_word' id='word_1_141' title='bbox 350 1105 483 1164; x_wconf 74' lang='grc' dir='ltr'><strong>ίίλίηνῶν</strong></span> <span class='ocrx_word' id='word_1_142' title='bbox 504 1107 612 1168; x_wconf 77' lang='grc' dir='ltr'><strong>ἀότλροὺς</strong></span> <span class='ocrx_word' id='word_1_143' title='bbox 631 1107 744 1170; x_wconf 76' lang='grc' dir='ltr'><strong>αλλήλων,</strong></span> <span class='ocrx_word' id='word_1_144' title='bbox 757 1110 848 1158; x_wconf 77' lang='grc' dir='ltr'><strong>Εὔνεων</strong></span> <span class='ocrx_word' id='word_1_145' title='bbox 869 1110 908 1157; x_wconf 74' lang='grc' dir='ltr'><strong>καὶ</strong></span> <span class='ocrx_word' id='word_1_146' title='bbox 954 1113 1004 1175; x_wconf 75' lang='lat' dir='ltr'><strong>Ego</strong></span> <span class='ocrx_word' id='word_1_147' title='bbox 1023 1123 1067 1162; x_wconf 70' lang='lat' dir='ltr'><strong>ne¹</strong></span> <span class='ocrx_word' id='word_1_148' title='bbox 1078 1111 1267 1176; x_wconf 82' lang='lat' dir='ltr'><strong>duplicationem</strong></span> <span class='ocrx_word' id='word_1_149' title='bbox 1287 1111 1386 1178; x_wconf 90' lang='lat' dir='ltr'><strong>quidem</strong></span> <span class='ocrx_word' id='word_1_150' title='bbox 1402 1111 1477 1163; x_wconf 85' lang='lat' dir='ltr'><strong>relinr</strong></span> <span class='ocrx_word' id='word_1_151' title='bbox 1498 1111 1559 1163; x_wconf 88' lang='lat' dir='ltr'><strong>dari.</strong></span> <span class='ocrx_word' id='word_1_152' title='bbox 1582 1115 1683 1165; x_wconf 85' lang='lat' dir='ltr'><strong>librarii</strong></span> <span class='ocrx_word' id='word_1_153' title='bbox 1700 1118 1736 1166; x_wconf 86' lang='lat' dir='ltr'><strong>sic</strong></span> 
     </span>
     <span class='ocr_line' id='line_1_11' title="bbox 122 1176 1736 1244; baseline 0.006 -17"><span class='ocrx_word' id='word_1_154' title='bbox 122 1178 220 1227; x_wconf 82' lang='grc' dir='ltr'><strong>θὸτντττ</strong></span> <span class='ocrx_word' id='word_1_155' title='bbox 233 1177 274 1226; x_wconf 78' lang='grc' dir='ltr'><strong>καί</strong></span> <span class='ocrx_word' id='word_1_156' title='bbox 288 1176 604 1228; x_wconf 81' lang='grc' dir='ltr'><strong>Σαλὸοντα.-Ηο1ιυοτυιιί</strong></span> <span class='ocrx_word' id='word_1_157' title='bbox 616 1190 673 1242; x_wconf 90' lang='lat' dir='ltr'><strong>ergo</strong></span> <span class='ocrx_word' id='word_1_158' title='bbox 687 1178 729 1228; x_wconf 88' lang='lat' dir='ltr'><strong>isti</strong></span> <span class='ocrx_word' id='word_1_159' title='bbox 743 1177 863 1229; x_wconf 77' lang='lat' dir='ltr'><strong>Iasonidae</strong></span> <span class='ocrx_word' id='word_1_160' title='bbox 875 1177 911 1229; x_wconf 90' lang='lat' dir='ltr'><strong>iu·</strong></span> <span class='ocrx_word' id='word_1_161' title='bbox 954 1193 1020 1244; x_wconf 79' lang='lat' dir='ltr'><strong>sepe</strong></span> <span class='ocrx_word' id='word_1_162' title='bbox 1033 1183 1139 1232; x_wconf 67' lang='lat' dir='ltr'><strong>meeum</strong></span> <span class='ocrx_word' id='word_1_163' title='bbox 1147 1182 1235 1244; x_wconf 85' lang='lat' dir='ltr'><strong>jurare</strong></span> <span class='ocrx_word' id='word_1_164' title='bbox 1248 1183 1347 1234; x_wconf 86' lang='lat' dir='ltr'><strong>morritis</strong></span> <span class='ocrx_word' id='word_1_165' title='bbox 1359 1183 1437 1234; x_wconf 90' lang='lat' dir='ltr'><strong>oculis</strong></span> <span class='ocrx_word' id='word_1_166' title='bbox 1449 1184 1593 1244; x_wconf 85' lang='lat' dir='ltr'><strong>voluerunt,</strong></span> <span class='ocrx_word' id='word_1_167' title='bbox 1604 1186 1736 1236; x_wconf 82' lang='lat' dir='ltr'><strong>scribentes</strong></span> 
     </span>
     <span class='ocr_line' id='line_1_12' title="bbox 123 1246 1736 1318; baseline 0.005 -21"><span class='ocrx_word' id='word_1_168' title='bbox 123 1249 194 1311; x_wconf 74' lang='lat' dir='ltr'><strong>n&#39;gne</strong></span> <span class='ocrx_word' id='word_1_169' title='bbox 212 1246 359 1311; x_wconf 84' lang='lat' dir='ltr'><strong>gentilitium</strong></span> <span class='ocrx_word' id='word_1_170' title='bbox 377 1247 455 1297; x_wconf 86' lang='lat' dir='ltr'><strong>ritem</strong></span> <span class='ocrx_word' id='word_1_171' title='bbox 474 1260 587 1308; x_wconf 88' lang='lat' dir='ltr'><strong>auream,</strong></span> <span class='ocrx_word' id='word_1_172' title='bbox 601 1248 631 1298; x_wconf 90' lang='lat' dir='ltr'><strong>nt</strong></span> <span class='ocrx_word' id='word_1_173' title='bbox 642 1246 766 1313; x_wconf 78' lang='lat' dir='ltr'><strong>Pelopidae</strong></span> <span class='ocrx_word' id='word_1_174' title='bbox 779 1247 910 1298; x_wconf 89' lang='lat' dir='ltr'><strong>humerum</strong></span> <span class='ocrx_word' id='word_1_175' title='bbox 954 1250 1022 1316; x_wconf 82' lang='grc' dir='ltr'><strong>ίρρα,</strong></span> <span class='ocrx_word' id='word_1_176' title='bbox 1032 1252 1097 1315; x_wconf 80' lang='grc' dir='ltr'><strong>παρὰ</strong></span> <span class='ocrx_word' id='word_1_177' title='bbox 1108 1253 1183 1318; x_wconf 63' lang='lat' dir='ltr'><strong>deice,</strong></span> <span class='ocrx_word' id='word_1_178' title='bbox 1193 1254 1260 1316; x_wconf 76' lang='lat' dir='ltr'><strong>proi</strong></span> <span class='ocrx_word' id='word_1_179' title='bbox 1276 1257 1319 1317; x_wconf 80' lang='grc' dir='ltr'><strong>ῥα,</strong></span> <span class='ocrx_word' id='word_1_180' title='bbox 1329 1253 1459 1317; x_wconf 66' lang='lat' dir='ltr'><strong>nephthoe,</strong></span> <span class='ocrx_word' id='word_1_181' title='bbox 1476 1266 1506 1303; x_wconf 89' lang='lat' dir='ltr'><strong>ac</strong></span> <span class='ocrx_word' id='word_1_182' title='bbox 1520 1253 1621 1314; x_wconf 87' lang='lat' dir='ltr'><strong>similia,</strong></span> <span class='ocrx_word' id='word_1_183' title='bbox 1631 1267 1689 1318; x_wconf 79' lang='lat' dir='ltr'><strong>qua</strong></span> <span class='ocrx_word' id='word_1_184' title='bbox 1700 1271 1736 1306; x_wconf 78' lang='lat' dir='ltr'><strong>re</strong></span> 
     </span>
     <span class='ocr_line' id='line_1_13' title="bbox 122 1316 1736 1388; baseline 0.006 -21"><span class='ocrx_word' id='word_1_185' title='bbox 122 1317 275 1377; x_wconf 85' lang='lat' dir='ltr'><strong>eburneum,</strong></span> <span class='ocrx_word' id='word_1_186' title='bbox 294 1317 324 1366; x_wconf 90' lang='lat' dir='ltr'><strong>ut</strong></span> <span class='ocrx_word' id='word_1_187' title='bbox 341 1316 421 1380; x_wconf 83' lang='lat' dir='ltr'><strong>sparti</strong></span> <span class='ocrx_word' id='word_1_188' title='bbox 441 1316 560 1368; x_wconf 87' lang='lat' dir='ltr'><strong>lanceam.</strong></span> <span class='ocrx_word' id='word_1_189' title='bbox 576 1316 708 1383; x_wconf 80' lang='lat' dir='ltr'><strong>vulgatum</strong></span> <span class='ocrx_word' id='word_1_190' title='bbox 727 1317 782 1383; x_wconf 82' lang='grc' dir='ltr'><strong>παρ’</strong></span> <span class='ocrx_word' id='word_1_191' title='bbox 801 1318 909 1382; x_wconf 77' lang='grc' dir='ltr'><strong>Εὐρυδίκη</strong></span> <span class='ocrx_word' id='word_1_192' title='bbox 953 1324 1101 1385; x_wconf 70' lang='lat' dir='ltr'><strong>presentare</strong></span> <span class='ocrx_word' id='word_1_193' title='bbox 1109 1323 1215 1374; x_wconf 84' lang='lat' dir='ltr'><strong>editores</strong></span> <span class='ocrx_word' id='word_1_194' title='bbox 1226 1323 1374 1374; x_wconf 80' lang='lat' dir='ltr'><strong>recentiores</strong></span> <span class='ocrx_word' id='word_1_195' title='bbox 1386 1323 1542 1388; x_wconf 83' lang='lat' dir='ltr'><strong>neglexerunt</strong></span> <span class='ocrx_word' id='word_1_196' title='bbox 1549 1323 1645 1375; x_wconf 88' lang='lat' dir='ltr'><strong>merito.</strong></span> <span class='ocrx_word' id='word_1_197' title='bbox 1655 1328 1736 1383; x_wconf 86' lang='lat' dir='ltr'><strong>Quare</strong></span> 
     </span>
     <span class='ocr_line' id='line_1_14' title="bbox 123 1387 1736 1458; baseline 0.007 -20"><span class='ocrx_word' id='word_1_198' title='bbox 123 1391 150 1438; x_wconf 88' lang='lat' dir='ltr'><strong>iu</strong></span> <span class='ocrx_word' id='word_1_199' title='bbox 164 1388 299 1451; x_wconf 82' lang='lat' dir='ltr'><strong>geniorum</strong></span> <span class='ocrx_word' id='word_1_200' title='bbox 311 1389 382 1438; x_wconf 90' lang='lat' dir='ltr'><strong>muto</strong></span> <span class='ocrx_word' id='word_1_201' title='bbox 393 1387 449 1452; x_wconf 84' lang='grc' dir='ltr'><strong>παρ’</strong></span> <span class='ocrx_word' id='word_1_202' title='bbox 460 1388 596 1451; x_wconf 75' lang='grc' dir='ltr'><strong>Εὐρυδίκης.</strong></span> <span class='ocrx_word' id='word_1_203' title='bbox 608 1407 620 1432; x_wconf 85' lang='grc' dir='ltr'><strong>υ</strong></span> <span class='ocrx_word' id='word_1_204' title='bbox 634 1388 766 1452; x_wconf 79' lang='lat' dir='ltr'><strong>Eurydice,</strong></span> <span class='ocrx_word' id='word_1_205' title='bbox 777 1390 855 1440; x_wconf 88' lang='lat' dir='ltr'><strong>meter</strong></span> <span class='ocrx_word' id='word_1_206' title='bbox 867 1392 910 1438; x_wconf 80' lang='lat' dir='ltr'><strong>Ar·</strong></span> <span class='ocrx_word' id='word_1_207' title='bbox 954 1389 995 1441; x_wconf 87' lang='lat' dir='ltr'><strong>hta</strong></span> <span class='ocrx_word' id='word_1_208' title='bbox 1008 1405 1107 1458; x_wconf 91' lang='lat' dir='ltr'><strong>quoque</strong></span> <span class='ocrx_word' id='word_1_209' title='bbox 1120 1393 1305 1458; x_wconf 89' lang='lat' dir='ltr'><strong>productionem</strong></span> <span class='ocrx_word' id='word_1_210' title='bbox 1317 1395 1396 1446; x_wconf 84' lang='lat' dir='ltr'><strong>literae</strong></span> <span class='ocrx_word' id='word_1_211' title='bbox 1408 1395 1500 1445; x_wconf 79' lang='lat' dir='ltr'><strong>eamne</strong></span> <span class='ocrx_word' id='word_1_212' title='bbox 1515 1395 1588 1446; x_wconf 90' lang='lat' dir='ltr'><strong>docto</strong></span> <span class='ocrx_word' id='word_1_213' title='bbox 1602 1396 1687 1448; x_wconf 89' lang='lat' dir='ltr'><strong>lectori</strong></span> <span class='ocrx_word' id='word_1_214' title='bbox 1701 1412 1736 1449; x_wconf 80' lang='lat' dir='ltr'><strong>re</strong></span> 
     </span>
     <span class='ocr_line' id='line_1_15' title="bbox 124 1456 1733 1530; baseline 0.008 -24"><span class='ocrx_word' id='word_1_215' title='bbox 124 1456 235 1508; x_wconf 74' lang='lat' dir='ltr'><strong>themari</strong></span> <span class='ocrx_word' id='word_1_216' title='bbox 245 1470 274 1508; x_wconf 75' lang='lat' dir='ltr'><strong>ex</strong></span> <span class='ocrx_word' id='word_1_217' title='bbox 283 1459 404 1522; x_wconf 84' lang='lat' dir='ltr'><strong>Lycurge.</strong></span> <span class='ocrx_word' id='word_1_218' title='bbox 412 1464 465 1508; x_wconf 85' lang='lat'><strong>-2</strong></span> <span class='ocrx_word' id='word_1_219' title='bbox 475 1459 534 1523; x_wconf 82' lang='grc' dir='ltr'><strong>ρύση</strong></span> <span class='ocrx_word' id='word_1_220' title='bbox 545 1461 585 1508; x_wconf 80' lang='grc' dir='ltr'><strong>τὸν</strong></span> <span class='ocrx_word' id='word_1_221' title='bbox 595 1459 689 1524; x_wconf 79' lang='grc' dir='ltr'><strong>θατέρου</strong></span> <span class='ocrx_word' id='word_1_222' title='bbox 700 1458 772 1521; x_wconf 77' lang='grc' dir='ltr'><strong>Οοθ,</strong></span> <span class='ocrx_word' id='word_1_223' title='bbox 782 1472 844 1510; x_wconf 89' lang='lat' dir='ltr'><strong>corr.</strong></span> <span class='ocrx_word' id='word_1_224' title='bbox 855 1461 908 1508; x_wconf 88' lang='lat' dir='ltr'><strong>Joc.</strong></span> <span class='ocrx_word' id='word_1_225' title='bbox 953 1460 1045 1525; x_wconf 92' lang='lat' dir='ltr'><strong>linquo.</strong></span> <span class='ocrx_word' id='word_1_226' title='bbox 1054 1482 1067 1508; x_wconf 81' lang='grc' dir='ltr'><strong>υ</strong></span> <span class='ocrx_word' id='word_1_227' title='bbox 1077 1466 1277 1514; x_wconf 83' lang='lat' dir='ltr'><strong>Necraronoster</strong></span> <span class='ocrx_word' id='word_1_228' title='bbox 1285 1465 1346 1514; x_wconf 86' lang='lat' dir='ltr'><strong>laisa</strong></span> <span class='ocrx_word' id='word_1_229' title='bbox 1351 1464 1460 1528; x_wconf 75' lang='lat' dir='ltr'><strong>analogh</strong></span> <span class='ocrx_word' id='word_1_230' title='bbox 1469 1464 1528 1514; x_wconf 92' lang='lat' dir='ltr'><strong>duci</strong></span> <span class='ocrx_word' id='word_1_231' title='bbox 1536 1465 1733 1530; x_wconf 85' lang='lat' dir='ltr'><strong>deprehenditur,</strong></span> 
     </span>
     <span class='ocr_line' id='line_1_16' title="bbox 124 1527 1548 1597; baseline 0.006 -22"><span class='ocrx_word' id='word_1_232' title='bbox 124 1527 176 1583; x_wconf 84' lang='lat' dir='ltr'><strong>out</strong></span> <span class='ocrx_word' id='word_1_233' title='bbox 189 1530 216 1577; x_wconf 91' lang='lat' dir='ltr'><strong>et</strong></span> <span class='ocrx_word' id='word_1_234' title='bbox 229 1529 301 1577; x_wconf 82' lang='grc' dir='ltr'><strong>ίιιὲτιν</strong></span> <span class='ocrx_word' id='word_1_235' title='bbox 315 1527 443 1591; x_wconf 88' lang='lat' dir='ltr'><strong>proponit,</strong></span> <span class='ocrx_word' id='word_1_236' title='bbox 461 1541 540 1591; x_wconf 91' lang='lat' dir='ltr'><strong>quum</strong></span> <span class='ocrx_word' id='word_1_237' title='bbox 555 1529 637 1583; x_wconf 82' lang='grc' dir='ltr'><strong>αίνὲτις</strong></span> <span class='ocrx_word' id='word_1_238' title='bbox 651 1541 696 1592; x_wconf 90' lang='lat' dir='ltr'><strong>pro</strong></span> <span class='ocrx_word' id='word_1_239' title='bbox 717 1531 787 1588; x_wconf 81' lang='grc' dir='ltr'><strong>δούλη</strong></span> <span class='ocrx_word' id='word_1_240' title='bbox 807 1543 856 1579; x_wconf 93' lang='lat' dir='ltr'><strong>non</strong></span> <span class='ocrx_word' id='word_1_241' title='bbox 876 1529 911 1580; x_wconf 89' lang='lat' dir='ltr'><strong>oi-</strong></span> <span class='ocrx_word' id='word_1_242' title='bbox 953 1531 1028 1582; x_wconf 81' lang='lat' dir='ltr'><strong>anui</strong></span> <span class='ocrx_word' id='word_1_243' title='bbox 1041 1532 1192 1597; x_wconf 85' lang='lat' dir='ltr'><strong>temporibus</strong></span> <span class='ocrx_word' id='word_1_244' title='bbox 1210 1533 1289 1584; x_wconf 80' lang='lat' dir='ltr'><strong>mue</strong></span> <span class='ocrx_word' id='word_1_245' title='bbox 1302 1533 1401 1585; x_wconf 85' lang='lat' dir='ltr'><strong>interior</strong></span> <span class='ocrx_word' id='word_1_246' title='bbox 1413 1533 1548 1586; x_wconf 89' lang='lat' dir='ltr'><strong>habendus.</strong></span> 
     </span>
     <span class='ocr_line' id='line_1_17' title="bbox 123 1595 910 1662; baseline 0.004 -17"><span class='ocrx_word' id='word_1_247' title='bbox 123 1600 197 1646; x_wconf 79' lang='lat' dir='ltr'><strong>catur</strong></span> <span class='ocrx_word' id='word_1_248' title='bbox 208 1595 334 1658; x_wconf 79' lang='grc' dir='ltr'><strong>αλιιιοίοίε,</strong></span> <span class='ocrx_word' id='word_1_249' title='bbox 344 1595 441 1647; x_wconf 78' lang='lat' dir='ltr'><strong>innohs</strong></span> <span class='ocrx_word' id='word_1_250' title='bbox 454 1609 513 1648; x_wconf 90' lang='lat' dir='ltr'><strong>mss.</strong></span> <span class='ocrx_word' id='word_1_251' title='bbox 522 1598 651 1660; x_wconf 80' lang='grc' dir='ltr'><strong>Ὑψιπύλαν</strong></span> <span class='ocrx_word' id='word_1_252' title='bbox 663 1599 742 1648; x_wconf 82' lang='grc' dir='ltr'><strong>ίιέτιν.</strong></span> <span class='ocrx_word' id='word_1_253' title='bbox 752 1598 910 1662; x_wconf 71' lang='lat' dir='ltr'><strong>«speciosius</strong></span> 
     </span>
     <span class='ocr_line' id='line_1_18' title="bbox 124 1665 1731 1738; baseline 0.006 -22"><span class='ocrx_word' id='word_1_254' title='bbox 124 1679 201 1726; x_wconf 82' lang='lat' dir='ltr'><strong>quam</strong></span> <span class='ocrx_word' id='word_1_255' title='bbox 215 1665 306 1716; x_wconf 78' lang='lat' dir='ltr'><strong>rarius.</strong></span> <span class='ocrx_word' id='word_1_256' title='bbox 315 1669 377 1717; x_wconf 83' lang='lat' dir='ltr'><strong>Nem</strong></span> <span class='ocrx_word' id='word_1_257' title='bbox 390 1679 461 1716; x_wconf 80' lang='lat' dir='ltr'><strong>sorra</strong></span> <span class='ocrx_word' id='word_1_258' title='bbox 470 1666 518 1717; x_wconf 84' lang='lat' dir='ltr'><strong>ruit</strong></span> <span class='ocrx_word' id='word_1_259' title='bbox 524 1667 671 1730; x_wconf 80' lang='lat' dir='ltr'><strong>Hypsipyle:</strong></span> <span class='ocrx_word' id='word_1_260' title='bbox 682 1670 795 1732; x_wconf 73' lang='grc' dir='ltr'>πραθεῖσα</span> <span class='ocrx_word' id='word_1_261' title='bbox 805 1669 909 1734; x_wconf 77' lang='grc' dir='ltr'>ἐλάτρευε</span> <span class='ocrx_word' id='word_1_262' title='bbox 985 1671 1036 1720; x_wconf 82' lang='lat' dir='ltr'><strong>XV.</strong></span> <span class='ocrx_word' id='word_1_263' title='bbox 1045 1674 1154 1735; x_wconf 81' lang='lat' dir='ltr'><strong>Iomarg.</strong></span> <span class='ocrx_word' id='word_1_264' title='bbox 1168 1692 1174 1720; x_wconf 90' lang='lat'><strong>:</strong></span> <span class='ocrx_word' id='word_1_265' title='bbox 1183 1673 1234 1736; x_wconf 90' lang='grc' dir='ltr'><strong>περὶ</strong></span> <span class='ocrx_word' id='word_1_266' title='bbox 1242 1672 1347 1722; x_wconf 81' lang='grc' dir='ltr'><strong>Γλαύκου</strong></span> <span class='ocrx_word' id='word_1_267' title='bbox 1353 1673 1393 1721; x_wconf 89' lang='grc' dir='ltr'><strong>καὶ</strong></span> <span class='ocrx_word' id='word_1_268' title='bbox 1402 1673 1581 1736; x_wconf 70' lang='grc' dir='ltr'><strong>Βελλεροφόντου</strong></span> <span class='ocrx_word' id='word_1_269' title='bbox 1588 1679 1634 1722; x_wconf 83' lang='grc' dir='ltr'><strong>τῶν</strong></span> <span class='ocrx_word' id='word_1_270' title='bbox 1640 1675 1731 1738; x_wconf 86' lang='grc' dir='ltr'><strong>ἡρώων.</strong></span> 
     </span>
     <span class='ocr_line' id='line_1_19' title="bbox 123 1736 1736 1806; baseline 0.005 -18"><span class='ocrx_word' id='word_1_271' title='bbox 123 1740 188 1804; x_wconf 76' lang='grc' dir='ltr'><strong>παρὰ</strong></span> <span class='ocrx_word' id='word_1_272' title='bbox 198 1739 330 1802; x_wconf 77' lang='grc' dir='ltr'><strong>Λυκούργῳ</strong></span> <span class='ocrx_word' id='word_1_273' title='bbox 340 1736 482 1801; x_wconf 82' lang='lat' dir='ltr'><strong>(Eurydices</strong></span> <span class='ocrx_word' id='word_1_274' title='bbox 495 1737 619 1802; x_wconf 73' lang='lat' dir='ltr'><strong>conjuge),</strong></span> <span class='ocrx_word' id='word_1_275' title='bbox 630 1737 664 1788; x_wconf 89' lang='lat' dir='ltr'><strong>ait</strong></span> <span class='ocrx_word' id='word_1_276' title='bbox 675 1737 815 1802; x_wconf 80' lang='lat' dir='ltr'><strong>apooooor.</strong></span> <span class='ocrx_word' id='word_1_277' title='bbox 828 1741 873 1800; x_wconf 90' lang='lat' dir='ltr'><strong>lll,</strong></span> <span class='ocrx_word' id='word_1_278' title='bbox 884 1747 908 1800; x_wconf 83' lang='lat' dir='ltr'><strong>a,</strong></span> <span class='ocrx_word' id='word_1_279' title='bbox 955 1759 967 1784; x_wconf 79' lang='grc' dir='ltr'><strong>«ι</strong></span> <span class='ocrx_word' id='word_1_280' title='bbox 982 1743 1018 1790; x_wconf 87' lang='lat' dir='ltr'><strong>De</strong></span> <span class='ocrx_word' id='word_1_281' title='bbox 1031 1741 1222 1805; x_wconf 87' lang='lat' dir='ltr'><strong>Bellerophontis</strong></span> <span class='ocrx_word' id='word_1_282' title='bbox 1235 1755 1294 1792; x_wconf 87' lang='lat' dir='ltr'><strong>casu</strong></span> <span class='ocrx_word' id='word_1_283' title='bbox 1308 1741 1385 1792; x_wconf 86' lang='lat' dir='ltr'><strong>schol.</strong></span> <span class='ocrx_word' id='word_1_284' title='bbox 1401 1743 1471 1795; x_wconf 85' lang='lat' dir='ltr'><strong>Pind.</strong></span> <span class='ocrx_word' id='word_1_285' title='bbox 1486 1744 1524 1793; x_wconf 91' lang='lat' dir='ltr'><strong>0l.</strong></span> <span class='ocrx_word' id='word_1_286' title='bbox 1534 1747 1601 1806; x_wconf 80' lang='lat' dir='ltr'><strong>xlll,</strong></span> <span class='ocrx_word' id='word_1_287' title='bbox 1614 1748 1658 1794; x_wconf 78' lang='lat' dir='ltr'><strong>iao</strong></span> <span class='ocrx_word' id='word_1_288' title='bbox 1675 1765 1682 1794; x_wconf 80' lang='grc' dir='ltr'><strong>τ</strong></span> <span class='ocrx_word' id='word_1_289' title='bbox 1697 1747 1736 1796; x_wconf 86' lang='grc' dir='ltr'><strong>λε’-</strong></span> 
     </span>
     <span class='ocr_line' id='line_1_20' title="bbox 123 1805 1736 1880; baseline 0.004 -22"><span class='ocrx_word' id='word_1_290' title='bbox 123 1814 147 1858; x_wconf 74' lang='grc' dir='ltr'><strong>ί.</strong></span> <span class='ocrx_word' id='word_1_291' title='bbox 161 1809 215 1857; x_wconf 82' lang='grc' dir='ltr'><strong>υΒ.</strong></span> <span class='ocrx_word' id='word_1_292' title='bbox 227 1813 283 1860; x_wconf 82' lang='grc'><strong>-3</strong></span> <span class='ocrx_word' id='word_1_293' title='bbox 296 1808 396 1870; x_wconf 75' lang='grc' dir='ltr'><strong>ὀρούσας</strong></span> <span class='ocrx_word' id='word_1_294' title='bbox 409 1805 515 1857; x_wconf 81' lang='lat' dir='ltr'><strong>Jambsii</strong></span> <span class='ocrx_word' id='word_1_295' title='bbox 533 1808 686 1870; x_wconf 85' lang='lat' dir='ltr'><strong>conjectura,</strong></span> <span class='ocrx_word' id='word_1_296' title='bbox 702 1811 848 1860; x_wconf 74' lang='lat' dir='ltr'><strong>OPOI&#39;GAG</strong></span> <span class='ocrx_word' id='word_1_297' title='bbox 865 1823 910 1873; x_wconf 90' lang='lat' dir='ltr'><strong>pro</strong></span> <span class='ocrx_word' id='word_1_298' title='bbox 953 1827 1017 1871; x_wconf 79' lang='grc' dir='ltr'><strong>γεται</strong></span> <span class='ocrx_word' id='word_1_299' title='bbox 1034 1813 1069 1861; x_wconf 81' lang='grc' dir='ltr'><strong>ὅτι</strong></span> <span class='ocrx_word' id='word_1_300' title='bbox 1088 1813 1217 1870; x_wconf 78' lang='grc' dir='ltr'><strong>ἀναπτῆναι</strong></span> <span class='ocrx_word' id='word_1_301' title='bbox 1235 1814 1353 1876; x_wconf 86' lang='grc' dir='ltr'><strong>βουληθεὶς</strong></span> <span class='ocrx_word' id='word_1_302' title='bbox 1369 1819 1404 1876; x_wconf 80' lang='grc' dir='ltr'><strong>τῷ</strong></span> <span class='ocrx_word' id='word_1_303' title='bbox 1421 1815 1540 1878; x_wconf 80' lang='grc' dir='ltr'><strong>Πηγάσῳ,</strong></span> <span class='ocrx_word' id='word_1_304' title='bbox 1555 1815 1647 1878; x_wconf 86' lang='grc' dir='ltr'><strong>κούφως</strong></span> <span class='ocrx_word' id='word_1_305' title='bbox 1663 1833 1736 1880; x_wconf 60' lang='grc' dir='ltr'><strong>παραυ</strong></span> 
     </span>
     <span class='ocr_line' id='line_1_21' title="bbox 124 1876 1736 1949; baseline 0.007 -24"><span class='ocrx_word' id='word_1_306' title='bbox 124 1882 287 1938; x_wconf 57' lang='lat' dir='ltr'><strong>,laborem</strong></span> <span class='ocrx_word' id='word_1_307' title='bbox 308 1879 411 1940; x_wconf 78' lang='grc' dir='ltr'><strong>ἀφούθαρ</strong></span> <span class='ocrx_word' id='word_1_308' title='bbox 428 1876 489 1928; x_wconf 80' lang='lat' dir='ltr'><strong>eod.</strong></span> <span class='ocrx_word' id='word_1_309' title='bbox 509 1897 521 1920; x_wconf 79' lang='grc' dir='ltr'><strong>ν</strong></span> <span class='ocrx_word' id='word_1_310' title='bbox 541 1877 613 1934; x_wconf 83' lang='lat' dir='ltr'><strong>Quod</strong></span> <span class='ocrx_word' id='word_1_311' title='bbox 631 1878 699 1929; x_wconf 83' lang='lat' dir='ltr'><strong>rarle</strong></span> <span class='ocrx_word' id='word_1_312' title='bbox 715 1881 837 1931; x_wconf 85' lang='lat' dir='ltr'><strong>tentatum</strong></span> <span class='ocrx_word' id='word_1_313' title='bbox 853 1880 907 1931; x_wconf 86' lang='lat' dir='ltr'><strong>tuit.</strong></span> <span class='ocrx_word' id='word_1_314' title='bbox 953 1883 1114 1944; x_wconf 87' lang='grc' dir='ltr'><strong>κινδυνεύσας,</strong></span> <span class='ocrx_word' id='word_1_315' title='bbox 1128 1883 1188 1932; x_wconf 82' lang='grc' dir='ltr'><strong>κατὰ</strong></span> <span class='ocrx_word' id='word_1_316' title='bbox 1205 1884 1315 1944; x_wconf 86' lang='grc' dir='ltr'><strong>βούλησιν</strong></span> <span class='ocrx_word' id='word_1_317' title='bbox 1329 1889 1372 1933; x_wconf 86' lang='grc' dir='ltr'><strong>τοῦ</strong></span> <span class='ocrx_word' id='word_1_318' title='bbox 1389 1885 1443 1940; x_wconf 89' lang='grc' dir='ltr'><strong>Διὸς</strong></span> <span class='ocrx_word' id='word_1_319' title='bbox 1461 1885 1617 1949; x_wconf 84' lang='grc' dir='ltr'><strong>οῐστρηθίντος</strong></span> <span class='ocrx_word' id='word_1_320' title='bbox 1630 1892 1672 1936; x_wconf 83' lang='grc' dir='ltr'><strong>τοῦ</strong></span> <span class='ocrx_word' id='word_1_321' title='bbox 1689 1890 1736 1946; x_wconf 89' lang='grc' dir='ltr'><strong>Πη-</strong></span> 
     </span>
     <span class='ocr_line' id='line_1_22' title="bbox 124 1945 1735 2016; baseline 0.004 -18"><span class='ocrx_word' id='word_1_322' title='bbox 124 1950 233 1998; x_wconf 77' lang='lat' dir='ltr'><strong>Graelius</strong></span> <span class='ocrx_word' id='word_1_323' title='bbox 252 1949 287 2012; x_wconf 77' lang='grc' dir='ltr'><strong>ἄρ’</strong></span> <span class='ocrx_word' id='word_1_324' title='bbox 303 1945 376 2010; x_wconf 84' lang='grc' dir='ltr'><strong>εἶθαρ.</strong></span> <span class='ocrx_word' id='word_1_325' title='bbox 387 1949 480 1998; x_wconf 79' lang='lat' dir='ltr'><strong>Forsan</strong></span> <span class='ocrx_word' id='word_1_326' title='bbox 496 1947 532 1995; x_wconf 77' lang='grc' dir='ltr'><strong>ἐπ’</strong></span> <span class='ocrx_word' id='word_1_327' title='bbox 544 1948 608 2011; x_wconf 81' lang='grc' dir='ltr'><strong>εἶθαρ</strong></span> <span class='ocrx_word' id='word_1_328' title='bbox 613 1985 621 2009; x_wconf 92' lang='grc'><strong>,</strong></span> <span class='ocrx_word' id='word_1_329' title='bbox 638 1948 724 2011; x_wconf 78' lang='lat' dir='ltr'><strong>juncta</strong></span> <span class='ocrx_word' id='word_1_330' title='bbox 740 1949 910 2014; x_wconf 77' lang='lat' dir='ltr'><strong>praepositione</strong></span> <span class='ocrx_word' id='word_1_331' title='bbox 952 1951 1041 2013; x_wconf 80' lang='grc' dir='ltr'><strong>γύσου,</strong></span> <span class='ocrx_word' id='word_1_332' title='bbox 1055 1952 1160 2000; x_wconf 77' lang='grc' dir='ltr'><strong>ἐκπίπτει</strong></span> <span class='ocrx_word' id='word_1_333' title='bbox 1176 1954 1216 2000; x_wconf 83' lang='grc' dir='ltr'><strong>καὶ</strong></span> <span class='ocrx_word' id='word_1_334' title='bbox 1232 1955 1348 2016; x_wconf 84' lang='grc' dir='ltr'><strong>χωλούται</strong></span> <span class='ocrx_word' id='word_1_335' title='bbox 1364 1956 1403 2001; x_wconf 88' lang='grc' dir='ltr'><strong>καί</strong></span> <span class='ocrx_word' id='word_1_336' title='bbox 1419 1955 1534 2003; x_wconf 83' lang='grc' dir='ltr'><strong>πλανᾶται</strong></span> <span class='ocrx_word' id='word_1_337' title='bbox 1549 1955 1587 2002; x_wconf 80' lang='grc' dir='ltr'><strong>διὰ</strong></span> <span class='ocrx_word' id='word_1_338' title='bbox 1603 1955 1629 2002; x_wconf 86' lang='grc' dir='ltr'><strong>τὸ</strong></span> <span class='ocrx_word' id='word_1_339' title='bbox 1646 1954 1735 2012; x_wconf 66' lang='lat' dir='ltr'><strong>&#39;Alition</strong></span> 
     </span>
     <span class='ocr_line' id='line_1_23' title="bbox 124 2018 1736 2087; baseline 0.005 -19"><span class='ocrx_word' id='word_1_340' title='bbox 124 2034 186 2068; x_wconf 84' lang='lat' dir='ltr'><strong>cum</strong></span> <span class='ocrx_word' id='word_1_341' title='bbox 208 2018 377 2080; x_wconf 71' lang='lat' dir='ltr'><strong>adverbio,ut</strong></span> <span class='ocrx_word' id='word_1_342' title='bbox 397 2018 423 2067; x_wconf 88' lang='lat' dir='ltr'><strong>in</strong></span> <span class='ocrx_word' id='word_1_343' title='bbox 444 2019 587 2076; x_wconf 85' lang='grc' dir='ltr'><strong>καταυτίκα,</strong></span> <span class='ocrx_word' id='word_1_344' title='bbox 604 2020 744 2080; x_wconf 85' lang='grc' dir='ltr'><strong>παραυτίκα.</strong></span> <span class='ocrx_word' id='word_1_345' title='bbox 760 2022 851 2070; x_wconf 80' lang='lat' dir='ltr'><strong>Forsan</strong></span> <span class='ocrx_word' id='word_1_346' title='bbox 868 2021 909 2070; x_wconf 78' lang='grc' dir='ltr'><strong>ἀπ’</strong></span> <span class='ocrx_word' id='word_1_347' title='bbox 953 2020 1039 2085; x_wconf 80' lang='grc' dir='ltr'><strong>χωλός.</strong></span> <span class='ocrx_word' id='word_1_348' title='bbox 1050 2022 1124 2079; x_wconf 86' lang='lat' dir='ltr'><strong>Quod</strong></span> <span class='ocrx_word' id='word_1_349' title='bbox 1136 2020 1240 2073; x_wconf 86' lang='lat' dir='ltr'><strong>ductum</strong></span> <span class='ocrx_word' id='word_1_350' title='bbox 1255 2035 1283 2072; x_wconf 82' lang='lat' dir='ltr'><strong>ex</strong></span> <span class='ocrx_word' id='word_1_351' title='bbox 1296 2024 1368 2075; x_wconf 82' lang='lat' dir='ltr'><strong>llum.</strong></span> <span class='ocrx_word' id='word_1_352' title='bbox 1382 2023 1412 2073; x_wconf 90' lang='lat' dir='ltr'><strong>il.</strong></span> <span class='ocrx_word' id='word_1_353' title='bbox 1427 2025 1453 2082; x_wconf 87' lang='grc' dir='ltr'><strong>Ζ,</strong></span> <span class='ocrx_word' id='word_1_354' title='bbox 1464 2029 1509 2072; x_wconf 79' lang='lat'><strong>200</strong></span> <span class='ocrx_word' id='word_1_355' title='bbox 1524 2035 1592 2087; x_wconf 80' lang='lat' dir='ltr'><strong>seqq.</strong></span> <span class='ocrx_word' id='word_1_356' title='bbox 1609 2025 1736 2087; x_wconf 77' lang='lat' dir='ltr'><strong>Reliquam</strong></span> 
     </span>
     <span class='ocr_line' id='line_1_24' title="bbox 126 2087 1734 2159; baseline 0.004 -20"><span class='ocrx_word' id='word_1_357' title='bbox 126 2092 213 2154; x_wconf 72' lang='grc' dir='ltr'><strong>οὔρων,</strong></span> <span class='ocrx_word' id='word_1_358' title='bbox 225 2087 322 2152; x_wconf 68' lang='lat' dir='ltr'><strong>praem</strong></span> <span class='ocrx_word' id='word_1_359' title='bbox 332 2103 350 2138; x_wconf 90' lang='grc' dir='ltr'><strong>ο</strong></span> <span class='ocrx_word' id='word_1_360' title='bbox 362 2087 518 2140; x_wconf 78' lang='lat' dir='ltr'><strong>ceelodibes.</strong></span> <span class='ocrx_word' id='word_1_361' title='bbox 530 2091 622 2138; x_wconf 77' lang='lat' dir='ltr'><strong>Forsan</strong></span> <span class='ocrx_word' id='word_1_362' title='bbox 630 2089 747 2153; x_wconf 82' lang='grc' dir='ltr'><strong>Ὀφέλτην,</strong></span> <span class='ocrx_word' id='word_1_363' title='bbox 759 2105 838 2155; x_wconf 87' lang='lat' dir='ltr'><strong>quarn</strong></span> <span class='ocrx_word' id='word_1_364' title='bbox 853 2090 910 2141; x_wconf 91' lang='lat' dir='ltr'><strong>bina</strong></span> <span class='ocrx_word' id='word_1_365' title='bbox 954 2093 1062 2144; x_wconf 77' lang='lat' dir='ltr'><strong>salsulam</strong></span> <span class='ocrx_word' id='word_1_366' title='bbox 1081 2091 1209 2156; x_wconf 79' lang='lat' dir='ltr'><strong>anaglyphi</strong></span> <span class='ocrx_word' id='word_1_367' title='bbox 1228 2105 1300 2145; x_wconf 87' lang='lat' dir='ltr'><strong>nemo</strong></span> <span class='ocrx_word' id='word_1_368' title='bbox 1314 2096 1427 2144; x_wconf 78' lang='lat' dir='ltr'><strong>veterum</strong></span> <span class='ocrx_word' id='word_1_369' title='bbox 1440 2094 1527 2158; x_wconf 88' lang='lat' dir='ltr'><strong>attigit.</strong></span> <span class='ocrx_word' id='word_1_370' title='bbox 1538 2095 1734 2159; x_wconf 80' lang='lat' dir='ltr'><strong>llegapenthem,</strong></span> 
     </span>
     <span class='ocr_line' id='line_1_25' title="bbox 128 2157 1734 2227; baseline 0.007 -22"><span class='ocrx_word' id='word_1_371' title='bbox 128 2160 180 2207; x_wconf 78' lang='lat' dir='ltr'><strong>sint</strong></span> <span class='ocrx_word' id='word_1_372' title='bbox 202 2157 274 2221; x_wconf 90' lang='lat' dir='ltr'><strong>pueri</strong></span> <span class='ocrx_word' id='word_1_373' title='bbox 292 2157 386 2207; x_wconf 87' lang='lat' dir='ltr'><strong>nomina</strong></span> <span class='ocrx_word' id='word_1_374' title='bbox 400 2159 510 2218; x_wconf 79' lang='grc' dir='ltr'><strong>ὀμέλτης</strong></span> <span class='ocrx_word' id='word_1_375' title='bbox 528 2160 554 2208; x_wconf 91' lang='lat' dir='ltr'><strong>et</strong></span> <span class='ocrx_word' id='word_1_376' title='bbox 567 2157 717 2222; x_wconf 73' lang='grc' dir='ltr'><strong>Ἀρχέμορος,</strong></span> <span class='ocrx_word' id='word_1_377' title='bbox 738 2171 844 2222; x_wconf 88' lang='lat' dir='ltr'><strong>quorum</strong></span> <span class='ocrx_word' id='word_1_378' title='bbox 863 2158 910 2210; x_wconf 91' lang='lat' dir='ltr'><strong>hoc</strong></span> <span class='ocrx_word' id='word_1_379' title='bbox 953 2163 1029 2215; x_wconf 85' lang='lat' dir='ltr'><strong>Proeti</strong></span> <span class='ocrx_word' id='word_1_380' title='bbox 1046 2161 1138 2224; x_wconf 87' lang='lat' dir='ltr'><strong>tilium,</strong></span> <span class='ocrx_word' id='word_1_381' title='bbox 1155 2165 1276 2213; x_wconf 89' lang='lat' dir='ltr'><strong>memorat</strong></span> <span class='ocrx_word' id='word_1_382' title='bbox 1288 2162 1426 2227; x_wconf 78' lang='lat' dir='ltr'><strong>npooodor.</strong></span> <span class='ocrx_word' id='word_1_383' title='bbox 1444 2166 1476 2226; x_wconf 88' lang='lat'><strong>11,</strong></span> <span class='ocrx_word' id='word_1_384' title='bbox 1493 2171 1515 2214; x_wconf 84' lang='lat' dir='ltr'><strong>t.</strong></span> <span class='ocrx_word' id='word_1_385' title='bbox 1526 2167 1631 2214; x_wconf 86' lang='lat' dir='ltr'><strong>Pausan.</strong></span> <span class='ocrx_word' id='word_1_386' title='bbox 1647 2167 1681 2226; x_wconf 92' lang='lat' dir='ltr'><strong>ll,</strong></span> <span class='ocrx_word' id='word_1_387' title='bbox 1697 2172 1734 2227; x_wconf 86' lang='lat' dir='ltr'><strong>to,</strong></span> 
     </span>
     <span class='ocr_line' id='line_1_26' title="bbox 131 2226 1736 2297; baseline 0.006 -21"><span class='ocrx_word' id='word_1_388' title='bbox 131 2228 180 2276; x_wconf 87' lang='lat' dir='ltr'><strong>tuit</strong></span> <span class='ocrx_word' id='word_1_389' title='bbox 196 2227 292 2291; x_wconf 87' lang='lat' dir='ltr'><strong>proprie</strong></span> <span class='ocrx_word' id='word_1_390' title='bbox 310 2239 447 2290; x_wconf 78' lang='lat' dir='ltr'><strong>cognomen</strong></span> <span class='ocrx_word' id='word_1_391' title='bbox 462 2247 475 2272; x_wconf 80' lang='grc' dir='ltr'><strong>υ</strong></span> <span class='ocrx_word' id='word_1_392' title='bbox 489 2229 522 2278; x_wconf 85' lang='lat' dir='ltr'><strong>B·</strong></span> <span class='ocrx_word' id='word_1_393' title='bbox 538 2226 664 2292; x_wconf 84' lang='lat' dir='ltr'><strong>ingeniose</strong></span> <span class='ocrx_word' id='word_1_394' title='bbox 678 2228 803 2278; x_wconf 86' lang='lat' dir='ltr'><strong>lleclerus</strong></span> <span class='ocrx_word' id='word_1_395' title='bbox 820 2230 910 2293; x_wconf 79' lang='grc' dir='ltr'><strong>ἥμοςδ</strong></span> <span class='ocrx_word' id='word_1_396' title='bbox 952 2232 1013 2285; x_wconf 85' lang='lat' dir='ltr'><strong>nihil</strong></span> <span class='ocrx_word' id='word_1_397' title='bbox 1031 2230 1106 2284; x_wconf 86' lang='lat' dir='ltr'><strong>habet</strong></span> <span class='ocrx_word' id='word_1_398' title='bbox 1125 2232 1193 2296; x_wconf 90' lang='lat' dir='ltr'><strong>quod</strong></span> <span class='ocrx_word' id='word_1_399' title='bbox 1211 2232 1243 2283; x_wconf 90' lang='lat' dir='ltr'><strong>ad</strong></span> <span class='ocrx_word' id='word_1_400' title='bbox 1262 2234 1411 2297; x_wconf 81' lang='lat' dir='ltr'><strong>epigramma</strong></span> <span class='ocrx_word' id='word_1_401' title='bbox 1429 2237 1542 2284; x_wconf 71' lang='lat' dir='ltr'><strong>noenum</strong></span> <span class='ocrx_word' id='word_1_402' title='bbox 1563 2234 1736 2286; x_wconf 89' lang='lat' dir='ltr'><strong>illustrandum</strong></span> 
     </span>
     <span class='ocr_line' id='line_1_27' title="bbox 129 2295 1737 2367; baseline 0.006 -21"><span class='ocrx_word' id='word_1_403' title='bbox 129 2303 206 2360; x_wconf 79' lang='grc' dir='ltr'><strong>σῦραρ</strong></span> <span class='ocrx_word' id='word_1_404' title='bbox 215 2298 286 2361; x_wconf 76' lang='grc' dir='ltr'><strong>ὕδρος.</strong></span> <span class='ocrx_word' id='word_1_405' title='bbox 298 2317 310 2340; x_wconf 82' lang='grc' dir='ltr'><strong>τ</strong></span> <span class='ocrx_word' id='word_1_406' title='bbox 319 2297 504 2348; x_wconf 83' lang='lat' dir='ltr'><strong>substantivum</strong></span> <span class='ocrx_word' id='word_1_407' title='bbox 512 2300 587 2361; x_wconf 79' lang='grc' dir='ltr'><strong>σύφαρ</strong></span> <span class='ocrx_word' id='word_1_408' title='bbox 600 2295 696 2360; x_wconf 83' lang='lat' dir='ltr'><strong>(inquit)</strong></span> <span class='ocrx_word' id='word_1_409' title='bbox 704 2336 710 2358; x_wconf 88' lang='lat'><strong>‚</strong></span> <span class='ocrx_word' id='word_1_410' title='bbox 718 2299 909 2362; x_wconf 75' lang='grc' dir='ltr'><strong>ὑπεργεγηρακώς</strong></span> <span class='ocrx_word' id='word_1_411' title='bbox 955 2303 1040 2365; x_wconf 88' lang='lat' dir='ltr'><strong>iaciat,</strong></span> <span class='ocrx_word' id='word_1_412' title='bbox 1054 2302 1095 2352; x_wconf 93' lang='lat' dir='ltr'><strong>cui</strong></span> <span class='ocrx_word' id='word_1_413' title='bbox 1106 2301 1217 2352; x_wconf 72' lang='lat' dir='ltr'><strong>hutone</strong></span> <span class='ocrx_word' id='word_1_414' title='bbox 1231 2302 1349 2367; x_wconf 80' lang='lat' dir='ltr'><strong>ignoratio</strong></span> <span class='ocrx_word' id='word_1_415' title='bbox 1364 2305 1390 2354; x_wconf 91' lang='lat' dir='ltr'><strong>et</strong></span> <span class='ocrx_word' id='word_1_416' title='bbox 1401 2302 1557 2353; x_wconf 87' lang='lat' dir='ltr'><strong>librariorum</strong></span> <span class='ocrx_word' id='word_1_417' title='bbox 1573 2317 1668 2355; x_wconf 88' lang='lat' dir='ltr'><strong>errares</strong></span> <span class='ocrx_word' id='word_1_418' title='bbox 1680 2304 1737 2356; x_wconf 93' lang='lat' dir='ltr'><strong>den·</strong></span> 
     </span>
     <span class='ocr_line' id='line_1_28' title="bbox 127 2367 1736 2432; baseline 0.006 -14"><span class='ocrx_word' id='word_1_419' title='bbox 127 2383 165 2432; x_wconf 88' lang='lat' dir='ltr'><strong>ap.</strong></span> <span class='ocrx_word' id='word_1_420' title='bbox 178 2367 295 2432; x_wconf 81' lang='lat' dir='ltr'><strong>Lycophr.</strong></span> <span class='ocrx_word' id='word_1_421' title='bbox 309 2372 353 2420; x_wconf 82' lang='grc'><strong>793</strong></span> <span class='ocrx_word' id='word_1_422' title='bbox 363 2371 388 2418; x_wconf 90' lang='lat' dir='ltr'><strong>ct</strong></span> <span class='ocrx_word' id='word_1_423' title='bbox 400 2367 564 2432; x_wconf 89' lang='lat' dir='ltr'><strong>Sophronem,</strong></span> <span class='ocrx_word' id='word_1_424' title='bbox 579 2367 630 2417; x_wconf 89' lang='lat' dir='ltr'><strong>iere</strong></span> <span class='ocrx_word' id='word_1_425' title='bbox 642 2367 743 2418; x_wconf 86' lang='lat' dir='ltr'><strong>inservit</strong></span> <span class='ocrx_word' id='word_1_426' title='bbox 752 2368 909 2420; x_wconf 74' lang='lat' dir='ltr'><strong>ffirabeflnn</strong></span> <span class='ocrx_word' id='word_1_427' title='bbox 953 2373 1063 2424; x_wconf 88' lang='lat' dir='ltr'><strong>sissimas</strong></span> <span class='ocrx_word' id='word_1_428' title='bbox 1083 2372 1197 2424; x_wconf 84' lang='lat' dir='ltr'><strong>tenebras</strong></span> <span class='ocrx_word' id='word_1_429' title='bbox 1211 2372 1363 2424; x_wconf 85' lang='lat' dir='ltr'><strong>oliuderunt.</strong></span> <span class='ocrx_word' id='word_1_430' title='bbox 1381 2373 1550 2425; x_wconf 84' lang='lat' dir='ltr'><strong>Conterendus</strong></span> <span class='ocrx_word' id='word_1_431' title='bbox 1565 2375 1684 2426; x_wconf 86' lang='lat' dir='ltr'><strong>Welcler.</strong></span> <span class='ocrx_word' id='word_1_432' title='bbox 1700 2378 1736 2428; x_wconf 89' lang='lat' dir='ltr'><strong>De</strong></span> 
     </span>
     <span class='ocr_line' id='line_1_29' title="bbox 127 2437 1735 2508; baseline 0.006 -22"><span class='ocrx_word' id='word_1_433' title='bbox 127 2437 285 2487; x_wconf 74' lang='lat' dir='ltr'><strong>deserenda.</strong></span> <span class='ocrx_word' id='word_1_434' title='bbox 305 2458 318 2482; x_wconf 75' lang='grc' dir='ltr'><strong>ν</strong></span> <span class='ocrx_word' id='word_1_435' title='bbox 334 2441 396 2496; x_wconf 81' lang='lat' dir='ltr'><strong>Quae</strong></span> <span class='ocrx_word' id='word_1_436' title='bbox 410 2437 529 2489; x_wconf 82' lang='lat' dir='ltr'><strong>conectio</strong></span> <span class='ocrx_word' id='word_1_437' title='bbox 550 2437 636 2488; x_wconf 85' lang='lat' dir='ltr'><strong>ceteris</strong></span> <span class='ocrx_word' id='word_1_438' title='bbox 649 2437 810 2489; x_wconf 84' lang='lat' dir='ltr'><strong>verisimilior.</strong></span> <span class='ocrx_word' id='word_1_439' title='bbox 826 2443 879 2489; x_wconf 84' lang='grc' dir='ltr'><strong>-ί</strong></span> <span class='ocrx_word' id='word_1_440' title='bbox 896 2439 909 2488; x_wconf 86' lang='lat' dir='ltr'><strong>d</strong></span> <span class='ocrx_word' id='word_1_441' title='bbox 953 2442 1076 2508; x_wconf 72' lang='grc' dir='ltr'><strong>ίτορωθίίο</strong></span> <span class='ocrx_word' id='word_1_442' title='bbox 1088 2443 1174 2506; x_wconf 62' lang='lat' dir='ltr'><strong>pacis</strong></span> <span class='ocrx_word' id='word_1_443' title='bbox 1192 2445 1224 2502; x_wconf 89' lang='grc' dir='ltr'><strong>Π,</strong></span> <span class='ocrx_word' id='word_1_444' title='bbox 1240 2456 1265 2505; x_wconf 90' lang='lat' dir='ltr'><strong>p.</strong></span> <span class='ocrx_word' id='word_1_445' title='bbox 1283 2447 1328 2494; x_wconf 79' lang='grc'><strong>796</strong></span> <span class='ocrx_word' id='word_1_446' title='bbox 1347 2455 1414 2506; x_wconf 85' lang='lat' dir='ltr'><strong>seqq.</strong></span> <span class='ocrx_word' id='word_1_447' title='bbox 1431 2445 1573 2495; x_wconf 74' lang='lat' dir='ltr'><strong>»lac-1</strong></span> <span class='ocrx_word' id='word_1_448' title='bbox 1590 2446 1665 2494; x_wconf 83' lang='grc' dir='ltr'><strong>ουτὲτι</strong></span> <span class='ocrx_word' id='word_1_449' title='bbox 1681 2445 1735 2507; x_wconf 83' lang='lat' dir='ltr'><strong>(sic)</strong></span> 
     </span>
     <span class='ocr_line' id='line_1_30' title="bbox 126 2507 1736 2592; baseline 0.006 -35"><span class='ocrx_word' id='word_1_450' title='bbox 126 2510 250 2572; x_wconf 77' lang='grc' dir='ltr'><strong>γαγενέτας</strong></span> <span class='ocrx_word' id='word_1_451' title='bbox 271 2509 376 2558; x_wconf 72' lang='grc' dir='ltr'><strong>Ποπλίου.</strong></span> <span class='ocrx_word' id='word_1_452' title='bbox 390 2508 461 2558; x_wconf 75' lang='lat' dir='ltr'><strong>Cous.</strong></span> <span class='ocrx_word' id='word_1_453' title='bbox 477 2508 510 2559; x_wconf 85' lang='lat' dir='ltr'><strong>ad</strong></span> <span class='ocrx_word' id='word_1_454' title='bbox 523 2521 561 2572; x_wconf 83' lang='lat' dir='ltr'><strong>ep.</strong></span> <span class='ocrx_word' id='word_1_455' title='bbox 576 2513 601 2570; x_wconf 87' lang='grc'><strong>3,</strong></span> <span class='ocrx_word' id='word_1_456' title='bbox 615 2515 640 2559; x_wconf 80' lang='grc'><strong>2.</strong></span> <span class='ocrx_word' id='word_1_457' title='bbox 651 2533 683 2545; x_wconf 89' lang='grc'><strong>-</strong></span> <span class='ocrx_word' id='word_1_458' title='bbox 694 2515 708 2560; x_wconf 86' lang='grc'>5</span> <span class='ocrx_word' id='word_1_459' title='bbox 722 2510 834 2564; x_wconf 61' lang='lat' dir='ltr'><strong>&amp;evadet</strong></span> <span class='ocrx_word' id='word_1_460' title='bbox 847 2507 907 2559; x_wconf 86' lang='lat' dir='ltr'><strong>Cod.</strong></span> <span class='ocrx_word' id='word_1_461' title='bbox 954 2512 1015 2564; x_wconf 83' lang='lat' dir='ltr'><strong>cod.</strong></span> <span class='ocrx_word' id='word_1_462' title='bbox 1029 2515 1081 2563; x_wconf 86' lang='lat' dir='ltr'><strong>Jao.</strong></span> <span class='ocrx_word' id='word_1_463' title='bbox 1096 2513 1159 2577; x_wconf 83' lang='lat' dir='ltr'><strong>conj.</strong></span> <span class='ocrx_word' id='word_1_464' title='bbox 1171 2514 1207 2563; x_wconf 79' lang='lat' dir='ltr'><strong>oe</strong></span> <span class='ocrx_word' id='word_1_465' title='bbox 1219 2513 1322 2576; x_wconf 81' lang='grc' dir='ltr'><strong>Προίτου</strong></span> <span class='ocrx_word' id='word_1_466' title='bbox 1331 2514 1412 2570; x_wconf 80' lang='grc' dir='ltr'><strong>παιδὸς</strong></span> <span class='ocrx_word' id='word_1_467' title='bbox 1422 2515 1479 2592; x_wconf 55' lang='lat' dir='ltr'><strong>etc„</strong></span> <span class='ocrx_word' id='word_1_468' title='bbox 1489 2513 1530 2564; x_wconf 85' lang='lat' dir='ltr'><strong>rel</strong></span> <span class='ocrx_word' id='word_1_469' title='bbox 1542 2515 1625 2564; x_wconf 87' lang='grc' dir='ltr'><strong>Ούκίτι</strong></span> <span class='ocrx_word' id='word_1_470' title='bbox 1634 2516 1736 2578; x_wconf 76' lang='grc' dir='ltr'><strong>Προίτου</strong></span> 
     </span>
     <span class='ocr_line' id='line_1_31' title="bbox 128 2579 1735 2651; baseline 0.004 -21"><span class='ocrx_word' id='word_1_471' title='bbox 128 2601 140 2622; x_wconf 82' lang='grc' dir='ltr'><strong>ι</strong></span> <span class='ocrx_word' id='word_1_472' title='bbox 155 2579 319 2631; x_wconf 75' lang='lat' dir='ltr'><strong>scribendum</strong></span> <span class='ocrx_word' id='word_1_473' title='bbox 332 2579 429 2632; x_wconf 78' lang='lat' dir='ltr'><strong>videon</strong></span> <span class='ocrx_word' id='word_1_474' title='bbox 450 2599 457 2630; x_wconf 82' lang='grc' dir='ltr'><strong>ε</strong></span> <span class='ocrx_word' id='word_1_475' title='bbox 477 2581 617 2640; x_wconf 78' lang='grc' dir='ltr'><strong>Ἀσωπίδος,</strong></span> <span class='ocrx_word' id='word_1_476' title='bbox 632 2579 710 2640; x_wconf 86' lang='grc' dir='ltr'><strong>Εύνο’,</strong></span> <span class='ocrx_word' id='word_1_477' title='bbox 724 2580 837 2644; x_wconf 78' lang='grc' dir='ltr'><strong>ἄρουραν,</strong></span> <span class='ocrx_word' id='word_1_478' title='bbox 852 2579 870 2630; x_wconf 88' lang='lat' dir='ltr'><strong>i.</strong></span> <span class='ocrx_word' id='word_1_479' title='bbox 885 2593 906 2630; x_wconf 85' lang='lat' dir='ltr'><strong>e.</strong></span> <span class='ocrx_word' id='word_1_480' title='bbox 953 2585 1029 2635; x_wconf 84' lang='grc' dir='ltr'><strong>παῖδα</strong></span> <span class='ocrx_word' id='word_1_481' title='bbox 1041 2583 1112 2645; x_wconf 86' lang='grc' dir='ltr'><strong>φόνου</strong></span> <span class='ocrx_word' id='word_1_482' title='bbox 1124 2585 1207 2646; x_wconf 83' lang='grc' dir='ltr'><strong>σχέθε,</strong></span> <span class='ocrx_word' id='word_1_483' title='bbox 1216 2585 1255 2635; x_wconf 85' lang='lat' dir='ltr'><strong>rel</strong></span> <span class='ocrx_word' id='word_1_484' title='bbox 1269 2585 1368 2645; x_wconf 83' lang='grc' dir='ltr'><strong>Ούιίτι,</strong></span> <span class='ocrx_word' id='word_1_485' title='bbox 1380 2585 1480 2648; x_wconf 88' lang='grc' dir='ltr'><strong>Προίτου</strong></span> <span class='ocrx_word' id='word_1_486' title='bbox 1496 2591 1552 2647; x_wconf 83' lang='grc' dir='ltr'><strong>παῖ,</strong></span> <span class='ocrx_word' id='word_1_487' title='bbox 1562 2586 1630 2648; x_wconf 87' lang='grc' dir='ltr'><strong>φόνον</strong></span> <span class='ocrx_word' id='word_1_488' title='bbox 1639 2587 1735 2651; x_wconf 67' lang='grc' dir='ltr'><strong>ἔσχεθε,</strong></span> 
     </span>
     <span class='ocr_line' id='line_1_32' title="bbox 130 2649 1734 2719; baseline 0.004 -19"><span class='ocrx_word' id='word_1_489' title='bbox 130 2651 273 2716; x_wconf 77' lang='lat' dir='ltr'><strong>Argolidem.</strong></span> <span class='ocrx_word' id='word_1_490' title='bbox 289 2654 351 2700; x_wconf 86' lang='lat' dir='ltr'><strong>Post</strong></span> <span class='ocrx_word' id='word_1_491' title='bbox 369 2649 505 2701; x_wconf 88' lang='lat' dir='ltr'><strong>Thoantem</strong></span> <span class='ocrx_word' id='word_1_492' title='bbox 523 2651 600 2711; x_wconf 80' lang='lat' dir='ltr'><strong>emm,</strong></span> <span class='ocrx_word' id='word_1_493' title='bbox 616 2663 689 2700; x_wconf 86' lang='lat' dir='ltr'><strong>versu</strong></span> <span class='ocrx_word' id='word_1_494' title='bbox 702 2650 782 2713; x_wconf 90' lang='lat' dir='ltr'><strong>primo</strong></span> <span class='ocrx_word' id='word_1_495' title='bbox 800 2650 907 2716; x_wconf 89' lang='lat' dir='ltr'><strong>compel·</strong></span> <span class='ocrx_word' id='word_1_496' title='bbox 953 2653 1085 2704; x_wconf 85' lang='lat' dir='ltr'><strong>subaudita</strong></span> <span class='ocrx_word' id='word_1_497' title='bbox 1098 2655 1134 2702; x_wconf 86' lang='grc' dir='ltr'><strong>ᾱν.</strong></span> <span class='ocrx_word' id='word_1_498' title='bbox 1146 2653 1270 2704; x_wconf 84' lang='lat' dir='ltr'><strong>lleclerus</strong></span> <span class='ocrx_word' id='word_1_499' title='bbox 1278 2667 1303 2718; x_wconf 94' lang='lat' dir='ltr'><strong>p.</strong></span> <span class='ocrx_word' id='word_1_500' title='bbox 1315 2658 1360 2706; x_wconf 75' lang='lat' dir='ltr'><strong>tto</strong></span> <span class='ocrx_word' id='word_1_501' title='bbox 1373 2656 1507 2718; x_wconf 79' lang='grc' dir='ltr'><strong>ὅδ’ἐαχεθε,</strong></span> <span class='ocrx_word' id='word_1_502' title='bbox 1516 2656 1620 2719; x_wconf 81' lang='lat' dir='ltr'><strong>jungens</strong></span> <span class='ocrx_word' id='word_1_503' title='bbox 1630 2657 1734 2718; x_wconf 83' lang='grc' dir='ltr'><strong>θάνατον,</strong></span> 
     </span>
     <span class='ocr_line' id='line_1_33' title="bbox 130 2719 1736 2788; baseline 0.005 -18"><span class='ocrx_word' id='word_1_504' title='bbox 130 2721 204 2772; x_wconf 80' lang='lat' dir='ltr'><strong>latum</strong></span> <span class='ocrx_word' id='word_1_505' title='bbox 212 2759 218 2781; x_wconf 89' lang='lat'><strong>,</strong></span> <span class='ocrx_word' id='word_1_506' title='bbox 227 2721 304 2772; x_wconf 87' lang='lat' dir='ltr'><strong>etiam</strong></span> <span class='ocrx_word' id='word_1_507' title='bbox 316 2721 397 2769; x_wconf 88' lang='lat' dir='ltr'><strong>Eunoi</strong></span> <span class='ocrx_word' id='word_1_508' title='bbox 409 2719 500 2770; x_wconf 91' lang='lat' dir='ltr'><strong>mentio</strong></span> <span class='ocrx_word' id='word_1_509' title='bbox 513 2719 565 2770; x_wconf 89' lang='lat' dir='ltr'><strong>lieri</strong></span> <span class='ocrx_word' id='word_1_510' title='bbox 578 2719 690 2769; x_wconf 89' lang='lat' dir='ltr'><strong>debebat.</strong></span> <span class='ocrx_word' id='word_1_511' title='bbox 707 2739 719 2763; x_wconf 82' lang='grc' dir='ltr'><strong>υ</strong></span> <span class='ocrx_word' id='word_1_512' title='bbox 733 2721 791 2770; x_wconf 73' lang='lat' dir='ltr'><strong>iac.</strong></span> <span class='ocrx_word' id='word_1_513' title='bbox 802 2719 871 2772; x_wconf 90' lang='lat' dir='ltr'><strong>ldem</strong></span> <span class='ocrx_word' id='word_1_514' title='bbox 883 2720 909 2768; x_wconf 92' lang='lat' dir='ltr'><strong>iu</strong></span> <span class='ocrx_word' id='word_1_515' title='bbox 953 2725 982 2774; x_wconf 93' lang='lat' dir='ltr'><strong>ut</strong></span> <span class='ocrx_word' id='word_1_516' title='bbox 994 2723 1051 2774; x_wconf 89' lang='lat' dir='ltr'><strong>alibi</strong></span> <span class='ocrx_word' id='word_1_517' title='bbox 1064 2723 1154 2786; x_wconf 83' lang='grc' dir='ltr'><strong>πότμον</strong></span> <span class='ocrx_word' id='word_1_518' title='bbox 1165 2725 1236 2788; x_wconf 76' lang='grc' dir='ltr'><strong>ἔχειν,</strong></span> <span class='ocrx_word' id='word_1_519' title='bbox 1247 2727 1300 2776; x_wconf 84' lang='lat' dir='ltr'><strong>Non</strong></span> <span class='ocrx_word' id='word_1_520' title='bbox 1313 2727 1351 2774; x_wconf 89' lang='lat' dir='ltr'><strong>est</strong></span> <span class='ocrx_word' id='word_1_521' title='bbox 1364 2729 1492 2786; x_wconf 75' lang='lat' dir='ltr'><strong>mortum,</strong></span> <span class='ocrx_word' id='word_1_522' title='bbox 1503 2726 1649 2777; x_wconf 88' lang='lat' dir='ltr'><strong>interiectus</strong></span> <span class='ocrx_word' id='word_1_523' title='bbox 1661 2741 1675 2776; x_wconf 90' lang='lat' dir='ltr'><strong>a</strong></span> <span class='ocrx_word' id='word_1_524' title='bbox 1688 2730 1736 2778; x_wconf 78' lang='lat' dir='ltr'><strong>lle</strong></span> 
     </span>
     <span class='ocr_line' id='line_1_34' title="bbox 130 2787 1737 2859; baseline 0.005 -20"><span class='ocrx_word' id='word_1_525' title='bbox 130 2792 190 2840; x_wconf 77' lang='grc' dir='ltr'><strong>οοτίε</strong></span> <span class='ocrx_word' id='word_1_526' title='bbox 205 2804 266 2841; x_wconf 87' lang='lat' dir='ltr'><strong>msa.</strong></span> <span class='ocrx_word' id='word_1_527' title='bbox 284 2791 426 2850; x_wconf 74' lang='grc' dir='ltr'><strong>Ἀσωπίδος,</strong></span> <span class='ocrx_word' id='word_1_528' title='bbox 447 2791 533 2851; x_wconf 83' lang='grc' dir='ltr'><strong>Εὐνοτ,</strong></span> <span class='ocrx_word' id='word_1_529' title='bbox 552 2789 646 2852; x_wconf 82' lang='grc' dir='ltr'><strong>κράναν.</strong></span> <span class='ocrx_word' id='word_1_530' title='bbox 671 2787 776 2838; x_wconf 82' lang='lat' dir='ltr'><strong>Graetius</strong></span> <span class='ocrx_word' id='word_1_531' title='bbox 799 2788 911 2854; x_wconf 83' lang='lat' dir='ltr'><strong>tentabat</strong></span> <span class='ocrx_word' id='word_1_532' title='bbox 953 2793 1086 2858; x_wconf 83' lang='lat' dir='ltr'><strong>gapenthe,</strong></span> <span class='ocrx_word' id='word_1_533' title='bbox 1107 2794 1202 2856; x_wconf 88' lang='lat' dir='ltr'><strong>reliqua</strong></span> <span class='ocrx_word' id='word_1_534' title='bbox 1217 2793 1316 2858; x_wconf 87' lang='lat' dir='ltr'><strong>quidem</strong></span> <span class='ocrx_word' id='word_1_535' title='bbox 1331 2794 1430 2847; x_wconf 89' lang='lat' dir='ltr'><strong>distichi</strong></span> <span class='ocrx_word' id='word_1_536' title='bbox 1448 2809 1535 2858; x_wconf 87' lang='lat' dir='ltr'><strong>parurn</strong></span> <span class='ocrx_word' id='word_1_537' title='bbox 1555 2796 1691 2859; x_wconf 78' lang='lat' dir='ltr'><strong>expediens.</strong></span> <span class='ocrx_word' id='word_1_538' title='bbox 1704 2824 1737 2835; x_wconf 92' lang='lat'><em>-</em></span> 
     </span>
     <span class='ocr_line' id='line_1_35' title="bbox 131 2859 1733 2926; baseline 0.005 -18"><span class='ocrx_word' id='word_1_539' title='bbox 131 2860 254 2913; x_wconf 67' lang='grc' dir='ltr'><strong>Ἀσωπίδος</strong></span> <span class='ocrx_word' id='word_1_540' title='bbox 274 2861 359 2923; x_wconf 73' lang='grc' dir='ltr'><strong>ἕδρανα</strong></span> <span class='ocrx_word' id='word_1_541' title='bbox 380 2861 477 2922; x_wconf 86' lang='grc' dir='ltr'><strong>κούρας,</strong></span> <span class='ocrx_word' id='word_1_542' title='bbox 490 2859 616 2910; x_wconf 81' lang='lat' dir='ltr'><strong>treckerus</strong></span> <span class='ocrx_word' id='word_1_543' title='bbox 629 2859 705 2921; x_wconf 82' lang='grc' dir='ltr'><strong>ίνδια,</strong></span> <span class='ocrx_word' id='word_1_544' title='bbox 721 2878 733 2901; x_wconf 83' lang='lat' dir='ltr'><strong>u</strong></span> <span class='ocrx_word' id='word_1_545' title='bbox 747 2859 910 2910; x_wconf 82' lang='lat' dir='ltr'><strong>recentiorum</strong></span> <span class='ocrx_word' id='word_1_546' title='bbox 954 2865 1030 2913; x_wconf 76' lang='lat' dir='ltr'><strong>ileo.</strong></span> <span class='ocrx_word' id='word_1_547' title='bbox 1048 2863 1111 2926; x_wconf 86' lang='lat' dir='ltr'><strong>conj.</strong></span> <span class='ocrx_word' id='word_1_548' title='bbox 1121 2863 1184 2912; x_wconf 82' lang='grc' dir='ltr'><strong>τοῦδ’</strong></span> <span class='ocrx_word' id='word_1_549' title='bbox 1196 2864 1261 2918; x_wconf 82' lang='grc' dir='ltr'><strong>θκτθς</strong></span> <span class='ocrx_word' id='word_1_550' title='bbox 1276 2865 1358 2920; x_wconf 84' lang='grc' dir='ltr'><strong>παιδὸς</strong></span> <span class='ocrx_word' id='word_1_551' title='bbox 1369 2868 1490 2925; x_wconf 75' lang='grc' dir='ltr'><strong>τινυμένου</strong></span> <span class='ocrx_word' id='word_1_552' title='bbox 1507 2865 1602 2914; x_wconf 80' lang='grc' dir='ltr'><strong>θάνατον</strong></span> <span class='ocrx_word' id='word_1_553' title='bbox 1619 2868 1733 2916; x_wconf 87' lang='grc' dir='ltr'><strong>Γλαύκου.</strong></span> 
     </span>
     <span class='ocr_line' id='line_1_36' title="bbox 131 2927 1735 3003; baseline 0.005 -23"><span class='ocrx_word' id='word_1_554' title='bbox 131 2943 175 2980; x_wconf 87' lang='lat' dir='ltr'><strong>usn</strong></span> <span class='ocrx_word' id='word_1_555' title='bbox 196 2929 287 2984; x_wconf 84' lang='lat' dir='ltr'><strong>tritum</strong></span> <span class='ocrx_word' id='word_1_556' title='bbox 307 2928 339 2980; x_wconf 90' lang='lat' dir='ltr'><strong>de</strong></span> <span class='ocrx_word' id='word_1_557' title='bbox 364 2927 481 2990; x_wconf 79' lang='lat' dir='ltr'><strong>sedibus,</strong></span> <span class='ocrx_word' id='word_1_558' title='bbox 507 2929 586 2989; x_wconf 86' lang='grc' dir='ltr'><strong>ουίο,</strong></span> <span class='ocrx_word' id='word_1_559' title='bbox 608 2928 694 2978; x_wconf 79' lang='lat' dir='ltr'><strong>domo.</strong></span> <span class='ocrx_word' id='word_1_560' title='bbox 715 2929 793 2982; x_wconf 86' lang='lat' dir='ltr'><strong>Unam</strong></span> <span class='ocrx_word' id='word_1_561' title='bbox 814 2929 910 2980; x_wconf 86' lang='lat' dir='ltr'><strong>literam</strong></span> <span class='ocrx_word' id='word_1_562' title='bbox 955 2951 968 2976; x_wconf 81' lang='grc' dir='ltr'><strong>ι</strong></span> <span class='ocrx_word' id='word_1_563' title='bbox 982 2931 1178 2994; x_wconf 83' lang='lat' dir='ltr'><strong>Bellemphontes</strong></span> <span class='ocrx_word' id='word_1_564' title='bbox 1187 2932 1350 2984; x_wconf 77' lang='grc' dir='ltr'><strong>Ρτωίίίιίίυια</strong></span> <span class='ocrx_word' id='word_1_565' title='bbox 1364 2933 1591 2998; x_wconf 77' lang='lat' dir='ltr'><strong>(blegapenthemla</strong></span> <span class='ocrx_word' id='word_1_566' title='bbox 1606 2935 1675 2988; x_wconf 80' lang='lat' dir='ltr'><strong>cede</strong></span> <span class='ocrx_word' id='word_1_567' title='bbox 1688 2937 1735 3003; x_wconf 93' lang='lat' dir='ltr'><strong>ipsi</strong></span> 
     </span>
     <span class='ocr_line' id='line_1_37' title="bbox 129 2997 1733 3068; baseline 0.005 -18"><span class='ocrx_word' id='word_1_568' title='bbox 129 3003 290 3064; x_wconf 86' lang='lat' dir='ltr'><strong>transponens</strong></span> <span class='ocrx_word' id='word_1_569' title='bbox 311 3002 480 3058; x_wconf 64' lang='lat' dir='ltr'><strong>essentiari,</strong></span> <span class='ocrx_word' id='word_1_570' title='bbox 496 2997 572 3049; x_wconf 89' lang='lat' dir='ltr'><strong>babes</strong></span> <span class='ocrx_word' id='word_1_571' title='bbox 589 3002 697 3061; x_wconf 79' lang='grc' dir='ltr'><strong>ΕΝΔΙΑ,</strong></span> <span class='ocrx_word' id='word_1_572' title='bbox 710 2997 801 3049; x_wconf 82' lang='grc' dir='ltr'><strong>θυσίαι</strong></span> <span class='ocrx_word' id='word_1_573' title='bbox 820 2999 912 3050; x_wconf 76' lang='lat' dir='ltr'><strong>suuith-</strong></span> <span class='ocrx_word' id='word_1_574' title='bbox 953 3001 1079 3051; x_wconf 82' lang='lat' dir='ltr'><strong>inserenda</strong></span> <span class='ocrx_word' id='word_1_575' title='bbox 1091 3000 1467 3066; x_wconf 88' lang='lat' dir='ltr'><strong>noncobibnisset,absquesuo</strong></span> <span class='ocrx_word' id='word_1_576' title='bbox 1479 3003 1733 3068; x_wconf 85' lang='lat' dir='ltr'><strong>illioGlaucoinisset,</strong></span> 
     </span>
     <span class='ocr_line' id='line_1_38' title="bbox 129 3068 1732 3139; baseline 0.006 -20"><span class='ocrx_word' id='word_1_577' title='bbox 129 3077 287 3121; x_wconf 63' lang='lat' dir='ltr'><strong>mose-o</strong></span> <span class='ocrx_word' id='word_1_578' title='bbox 308 3069 529 3129; x_wconf 63' lang='lat' dir='ltr'><strong>dimittentem</strong></span> <span class='ocrx_word' id='word_1_579' title='bbox 551 3071 593 3125; x_wconf 74' lang='lat' dir='ltr'><strong>tto</strong></span> <span class='ocrx_word' id='word_1_580' title='bbox 616 3068 705 3119; x_wconf 88' lang='lat' dir='ltr'><strong>codex.</strong></span> <span class='ocrx_word' id='word_1_581' title='bbox 719 3069 843 3119; x_wconf 87' lang='lat' dir='ltr'><strong>lieckerus</strong></span> <span class='ocrx_word' id='word_1_582' title='bbox 856 3070 908 3127; x_wconf 74' lang='grc' dir='ltr'><strong>ἄξαι</strong></span> <span class='ocrx_word' id='word_1_583' title='bbox 953 3074 1061 3136; x_wconf 84' lang='lat' dir='ltr'><strong>paterne</strong></span> <span class='ocrx_word' id='word_1_584' title='bbox 1087 3070 1162 3121; x_wconf 79' lang='lat' dir='ltr'><strong>aedis</strong></span> <span class='ocrx_word' id='word_1_585' title='bbox 1182 3071 1326 3136; x_wconf 62' lang='lat' dir='ltr'><strong>immnuta)</strong></span> <span class='ocrx_word' id='word_1_586' title='bbox 1344 3073 1432 3125; x_wconf 87' lang='lat' dir='ltr'><strong>ultore.</strong></span> <span class='ocrx_word' id='word_1_587' title='bbox 1454 3073 1500 3124; x_wconf 87' lang='lat' dir='ltr'><strong>Vel</strong></span> <span class='ocrx_word' id='word_1_588' title='bbox 1518 3075 1637 3139; x_wconf 72' lang='grc' dir='ltr'><strong>ῥυομένου.</strong></span> <span class='ocrx_word' id='word_1_589' title='bbox 1650 3085 1732 3128; x_wconf 81' lang='grc' dir='ltr'><strong>υ-3,</strong></span> 
     </span>
     <span class='ocr_line' id='line_1_39' title="bbox 130 3138 1735 3207; baseline 0.006 -19"><span class='ocrx_word' id='word_1_590' title='bbox 130 3138 263 3200; x_wconf 82' lang='lat' dir='ltr'><strong>inlinitiro,</strong></span> <span class='ocrx_word' id='word_1_591' title='bbox 279 3138 404 3202; x_wconf 84' lang='lat' dir='ltr'><strong>jungendo</strong></span> <span class='ocrx_word' id='word_1_592' title='bbox 422 3152 481 3189; x_wconf 89' lang='lat' dir='ltr'><strong>cum</strong></span> <span class='ocrx_word' id='word_1_593' title='bbox 498 3145 585 3204; x_wconf 83' lang='grc' dir='ltr'><strong>στεῖχε.</strong></span> <span class='ocrx_word' id='word_1_594' title='bbox 600 3139 716 3202; x_wconf 88' lang='lat' dir='ltr'><strong>Sequitur</strong></span> <span class='ocrx_word' id='word_1_595' title='bbox 727 3138 909 3191; x_wconf 87' lang='lat' dir='ltr'><strong>hemistichium</strong></span> <span class='ocrx_word' id='word_1_596' title='bbox 955 3141 1735 3207; x_wconf 71' lang='lat' dir='ltr'><strong>avercusiortasseiusanebilis.suspicabarzaapaaemiot’ait’</strong></span> 
     </span>
     <span class='ocr_line' id='line_1_40' title="bbox 129 3207 1735 3277; baseline 0.009 -23"><span class='ocrx_word' id='word_1_597' title='bbox 129 3207 298 3271; x_wconf 79' lang='grc' dir='ltr'><strong>οοιοετίσοιο,</strong></span> <span class='ocrx_word' id='word_1_598' title='bbox 312 3209 340 3259; x_wconf 95' lang='lat' dir='ltr'><strong>ll.</strong></span> <span class='ocrx_word' id='word_1_599' title='bbox 351 3213 388 3271; x_wconf 81' lang='grc' dir='ltr'><strong>Φ,</strong></span> <span class='ocrx_word' id='word_1_600' title='bbox 403 3213 441 3261; x_wconf 85' lang='lat'><strong>58.</strong></span> <span class='ocrx_word' id='word_1_601' title='bbox 953 3211 1060 3266; x_wconf 80' lang='grc' dir='ltr'><strong>Ἰαθάτας</strong></span> <span class='ocrx_word' id='word_1_602' title='bbox 1076 3211 1193 3265; x_wconf 77' lang='grc' dir='ltr'><strong>ὑπαλύξαι.</strong></span> <span class='ocrx_word' id='word_1_603' title='bbox 1212 3232 1224 3255; x_wconf 88' lang='grc' dir='ltr'><strong>υ</strong></span> <span class='ocrx_word' id='word_1_604' title='bbox 1238 3214 1294 3262; x_wconf 83' lang='lat' dir='ltr'><strong>Jec.</strong></span> <span class='ocrx_word' id='word_1_605' title='bbox 1310 3213 1382 3263; x_wconf 85' lang='lat' dir='ltr'><strong>coni.</strong></span> <span class='ocrx_word' id='word_1_606' title='bbox 1395 3213 1488 3263; x_wconf 78' lang='lat' dir='ltr'><strong>Welclr.</strong></span> <span class='ocrx_word' id='word_1_607' title='bbox 1503 3226 1529 3277; x_wconf 90' lang='lat' dir='ltr'><strong>p.</strong></span> <span class='ocrx_word' id='word_1_608' title='bbox 1541 3219 1594 3266; x_wconf 86' lang='grc'>797.</span> <span class='ocrx_word' id='word_1_609' title='bbox 1609 3217 1735 3269; x_wconf 79' lang='grc' dir='ltr'><strong>Ηοολατυο</strong></span> 
     </span>
     <span class='ocr_line' id='line_1_41' title="bbox 953 3280 1736 3344; baseline 0.006 -12"><span class='ocrx_word' id='word_1_610' title='bbox 953 3283 1032 3332; x_wconf 55' lang='lat' dir='ltr'><strong>tenta</strong></span> <span class='ocrx_word' id='word_1_611' title='bbox 1042 3301 1047 3329; x_wconf 91' lang='lat'><strong>:</strong></span> <span class='ocrx_word' id='word_1_612' title='bbox 1058 3280 1144 3343; x_wconf 81' lang='grc' dir='ltr'><strong>κράνεα</strong></span> <span class='ocrx_word' id='word_1_613' title='bbox 1156 3281 1180 3344; x_wconf 88' lang='lat' dir='ltr'><strong>(a</strong></span> <span class='ocrx_word' id='word_1_614' title='bbox 1192 3281 1303 3344; x_wconf 81' lang='grc' dir='ltr'><strong>κράντης,</strong></span> <span class='ocrx_word' id='word_1_615' title='bbox 1313 3284 1369 3344; x_wconf 77' lang='grc' dir='ltr'><strong>παπ)</strong></span> <span class='ocrx_word' id='word_1_616' title='bbox 1380 3284 1487 3344; x_wconf 78' lang='grc' dir='ltr'><strong>ἀγεννοῦς</strong></span> <span class='ocrx_word' id='word_1_617' title='bbox 1500 3284 1605 3334; x_wconf 80' lang='grc' dir='ltr'><strong>Ἰοθιίτου</strong></span> <span class='ocrx_word' id='word_1_618' title='bbox 1620 3287 1642 3336; x_wconf 83' lang='grc' dir='ltr'><strong>δ’</strong></span> <span class='ocrx_word' id='word_1_619' title='bbox 1651 3289 1736 3337; x_wconf 75' lang='lat' dir='ltr'><strong>bacile-</strong></span> 
     </span>
     <span class='ocr_line' id='line_1_42' title="bbox 147 3350 1736 3420; baseline 0.006 -18"><span class='ocrx_word' id='word_1_620' title='bbox 147 3354 198 3402; x_wconf 67' lang='lat' dir='ltr'><strong>Tr.</strong></span> <span class='ocrx_word' id='word_1_621' title='bbox 218 3353 247 3402; x_wconf 88' lang='lat' dir='ltr'><strong>ln</strong></span> <span class='ocrx_word' id='word_1_622' title='bbox 264 3365 338 3418; x_wconf 79' lang='lat' dir='ltr'><strong>marg.</strong></span> <span class='ocrx_word' id='word_1_623' title='bbox 352 3355 420 3418; x_wconf 76' lang='grc' dir='ltr'><strong>ιπερὶ</strong></span> <span class='ocrx_word' id='word_1_624' title='bbox 437 3355 584 3404; x_wconf 78' lang='grc' dir='ltr'><strong>Πολυδέκτου</strong></span> <span class='ocrx_word' id='word_1_625' title='bbox 604 3351 768 3420; x_wconf 81' lang='grc' dir='ltr'><strong>τού“Σερε’ρων</strong></span> <span class='ocrx_word' id='word_1_626' title='bbox 783 3356 828 3417; x_wconf 85' lang='lat' dir='ltr'><strong>(sic</strong></span> <span class='ocrx_word' id='word_1_627' title='bbox 847 3357 871 3406; x_wconf 83' lang='lat' dir='ltr'><strong>et</strong></span> <span class='ocrx_word' id='word_1_628' title='bbox 885 3356 909 3406; x_wconf 87' lang='lat' dir='ltr'><strong>io</strong></span> <span class='ocrx_word' id='word_1_629' title='bbox 953 3355 999 3412; x_wconf 69' lang='grc' dir='ltr'><strong>ξεν,</strong></span> <span class='ocrx_word' id='word_1_630' title='bbox 1012 3365 1047 3402; x_wconf 77' lang='lat'><strong>⁵0·</strong></span> <span class='ocrx_word' id='word_1_631' title='bbox 1065 3350 1163 3401; x_wconf 63' lang='grc' dir='ltr'><strong>θάνατον</strong></span> <span class='ocrx_word' id='word_1_632' title='bbox 1179 3364 1208 3401; x_wconf 73' lang='lat'><strong>0¹</strong></span> <span class='ocrx_word' id='word_1_633' title='bbox 1224 3352 1391 3415; x_wconf 67' lang='lat' dir='ltr'><strong>Superioribus</strong></span> <span class='ocrx_word' id='word_1_634' title='bbox 1406 3354 1566 3416; x_wconf 65' lang='lat' dir='ltr'><strong>repetendum</strong></span> <span class='ocrx_word' id='word_1_635' title='bbox 1581 3376 1588 3406; x_wconf 84' lang='lat'>:</span> <span class='ocrx_word' id='word_1_636' title='bbox 1604 3358 1636 3407; x_wconf 72' lang='lat' dir='ltr'><strong>Et</strong></span> <span class='ocrx_word' id='word_1_637' title='bbox 1652 3359 1736 3410; x_wconf 79' lang='lat' dir='ltr'><strong>amen</strong></span> 
     </span>
     <span class='ocr_line' id='line_1_43' title="bbox 127 3421 1736 3490; baseline 0.004 -18"><span class='ocrx_word' id='word_1_638' title='bbox 127 3421 221 3485; x_wconf 87' lang='lat' dir='ltr'><strong>lemm.)</strong></span> <span class='ocrx_word' id='word_1_639' title='bbox 236 3425 364 3485; x_wconf 76' lang='grc' dir='ltr'><strong>βασιλέως,</strong></span> <span class='ocrx_word' id='word_1_640' title='bbox 379 3425 405 3473; x_wconf 82' lang='grc' dir='ltr'><strong>ὃν</strong></span> <span class='ocrx_word' id='word_1_641' title='bbox 424 3425 543 3474; x_wconf 77' lang='grc' dir='ltr'><strong>ἀπέκτεινε</strong></span> <span class='ocrx_word' id='word_1_642' title='bbox 561 3425 671 3488; x_wconf 82' lang='grc' dir='ltr'><strong>Περσεύς.</strong></span> <span class='ocrx_word' id='word_1_643' title='bbox 694 3428 741 3474; x_wconf 79' lang='lat' dir='ltr'><strong>lies</strong></span> <span class='ocrx_word' id='word_1_644' title='bbox 760 3429 858 3474; x_wconf 78' lang='lat' dir='ltr'><strong>nauata</strong></span> <span class='ocrx_word' id='word_1_645' title='bbox 868 3439 907 3488; x_wconf 87' lang='lat' dir='ltr'><strong>ep.</strong></span> <span class='ocrx_word' id='word_1_646' title='bbox 954 3435 1039 3472; x_wconf 90' lang='lat' dir='ltr'><strong>necem</strong></span> <span class='ocrx_word' id='word_1_647' title='bbox 1051 3421 1082 3471; x_wconf 89' lang='lat' dir='ltr'><strong>ab</strong></span> <span class='ocrx_word' id='word_1_648' title='bbox 1094 3421 1185 3472; x_wconf 88' lang='lat' dir='ltr'><strong>imbelli</strong></span> <span class='ocrx_word' id='word_1_649' title='bbox 1203 3435 1259 3485; x_wconf 85' lang='lat' dir='ltr'><strong>rege</strong></span> <span class='ocrx_word' id='word_1_650' title='bbox 1269 3421 1353 3473; x_wconf 88' lang='lat' dir='ltr'><strong>lebeta</strong></span> <span class='ocrx_word' id='word_1_651' title='bbox 1366 3421 1414 3474; x_wconf 89' lang='lat' dir='ltr'><strong>sihi</strong></span> <span class='ocrx_word' id='word_1_652' title='bbox 1421 3423 1587 3475; x_wconf 89' lang='lat' dir='ltr'><strong>imminentem</strong></span> <span class='ocrx_word' id='word_1_653' title='bbox 1598 3425 1694 3490; x_wconf 85' lang='lat' dir='ltr'><strong>elingit.</strong></span> <span class='ocrx_word' id='word_1_654' title='bbox 1705 3455 1736 3464; x_wconf 91' lang='lat'><em>-</em></span> 
     </span>
     <span class='ocr_line' id='line_1_44' title="bbox 128 3491 1737 3562; baseline 0.004 -21"><span class='ocrx_word' id='word_1_655' title='bbox 128 3491 265 3556; x_wconf 72' lang='lat' dir='ltr'><strong>Apollador.</strong></span> <span class='ocrx_word' id='word_1_656' title='bbox 275 3495 310 3552; x_wconf 90' lang='grc' dir='ltr'><strong>Π,</strong></span> <span class='ocrx_word' id='word_1_657' title='bbox 321 3496 345 3555; x_wconf 81' lang='grc' dir='ltr'><strong>ί,</strong></span> <span class='ocrx_word' id='word_1_658' title='bbox 355 3500 451 3546; x_wconf 77' lang='grc'><strong>3.-2.</strong></span> <span class='ocrx_word' id='word_1_659' title='bbox 463 3496 580 3544; x_wconf 72' lang='lat' dir='ltr'><strong>«Versus</strong></span> <span class='ocrx_word' id='word_1_660' title='bbox 592 3508 641 3544; x_wconf 91' lang='lat' dir='ltr'><strong>non</strong></span> <span class='ocrx_word' id='word_1_661' title='bbox 654 3493 910 3556; x_wconf 82' lang='lat' dir='ltr'><strong>nitidustlonjunctio</strong></span> <span class='ocrx_word' id='word_1_662' title='bbox 953 3494 1036 3558; x_wconf 78' lang='grc' dir='ltr'><strong>ίτῷδ·</strong></span> <span class='ocrx_word' id='word_1_663' title='bbox 1053 3494 1131 3542; x_wconf 84' lang='grc' dir='ltr'><strong>ίπέκλ.</strong></span> <span class='ocrx_word' id='word_1_664' title='bbox 1148 3492 1257 3556; x_wconf 82' lang='lat' dir='ltr'><strong>Jacobs,</strong></span> <span class='ocrx_word' id='word_1_665' title='bbox 1273 3494 1299 3542; x_wconf 92' lang='lat' dir='ltr'><strong>iu</strong></span> <span class='ocrx_word' id='word_1_666' title='bbox 1317 3494 1382 3546; x_wconf 77' lang='lat' dir='ltr'><strong>nota</strong></span> <span class='ocrx_word' id='word_1_667' title='bbox 1402 3506 1462 3544; x_wconf 87' lang='lat' dir='ltr'><strong>mss.</strong></span> <span class='ocrx_word' id='word_1_668' title='bbox 1484 3496 1507 3543; x_wconf 82' lang='lat' dir='ltr'><strong>cl</strong></span> <span class='ocrx_word' id='word_1_669' title='bbox 1521 3496 1599 3547; x_wconf 84' lang='grc' dir='ltr'><strong>ε’πίιιλ.</strong></span> <span class='ocrx_word' id='word_1_670' title='bbox 1611 3516 1623 3540; x_wconf 81' lang='grc' dir='ltr'><strong>τ</strong></span> <span class='ocrx_word' id='word_1_671' title='bbox 1641 3497 1670 3548; x_wconf 91' lang='lat' dir='ltr'><strong>ld</strong></span> <span class='ocrx_word' id='word_1_672' title='bbox 1688 3499 1737 3562; x_wconf 87' lang='lat' dir='ltr'><strong>epi·</strong></span> 
     </span>
     <span class='ocr_line' id='line_1_45' title="bbox 128 3562 1737 3632; baseline 0.005 -21"><span class='ocrx_word' id='word_1_673' title='bbox 128 3565 165 3611; x_wconf 80' lang='grc' dir='ltr'><strong>ναὶ</strong></span> <span class='ocrx_word' id='word_1_674' title='bbox 175 3562 324 3612; x_wconf 76' lang='lat' dir='ltr'><strong>sectandam</strong></span> <span class='ocrx_word' id='word_1_675' title='bbox 338 3565 409 3632; x_wconf 80' lang='lat' dir='ltr'><strong>primi</strong></span> <span class='ocrx_word' id='word_1_676' title='bbox 426 3572 513 3615; x_wconf 82' lang='lat' dir='ltr'><strong>versus</strong></span> <span class='ocrx_word' id='word_1_677' title='bbox 528 3563 621 3630; x_wconf 81' lang='lat' dir='ltr'><strong>aperire</strong></span> <span class='ocrx_word' id='word_1_678' title='bbox 633 3564 738 3614; x_wconf 87' lang='lat' dir='ltr'><strong>ridetur.</strong></span> <span class='ocrx_word' id='word_1_679' title='bbox 753 3564 909 3626; x_wconf 82' lang='lat' dir='ltr'><strong>Polydectae,</strong></span> <span class='ocrx_word' id='word_1_680' title='bbox 955 3577 1064 3628; x_wconf 63' lang='lat' dir='ltr'><strong>mamma</strong></span> <span class='ocrx_word' id='word_1_681' title='bbox 1076 3562 1202 3627; x_wconf 87' lang='lat' dir='ltr'><strong>insigniter</strong></span> <span class='ocrx_word' id='word_1_682' title='bbox 1215 3566 1358 3627; x_wconf 85' lang='lat' dir='ltr'><strong>oonuptum</strong></span> <span class='ocrx_word' id='word_1_683' title='bbox 1369 3577 1418 3614; x_wconf 89' lang='lat' dir='ltr'><strong>non</strong></span> <span class='ocrx_word' id='word_1_684' title='bbox 1432 3565 1513 3628; x_wconf 90' lang='lat' dir='ltr'><strong>potuit</strong></span> <span class='ocrx_word' id='word_1_685' title='bbox 1527 3563 1609 3616; x_wconf 86' lang='lat' dir='ltr'><strong>adhuc</strong></span> <span class='ocrx_word' id='word_1_686' title='bbox 1618 3567 1737 3632; x_wconf 84' lang='lat' dir='ltr'><strong>corrigere</strong></span> 
     </span>
     <span class='ocr_line' id='line_1_46' title="bbox 130 3630 1738 3702; baseline 0.004 -21"><span class='ocrx_word' id='word_1_687' title='bbox 130 3631 169 3692; x_wconf 87' lang='lat' dir='ltr'><strong>qui</strong></span> <span class='ocrx_word' id='word_1_688' title='bbox 181 3630 214 3681; x_wconf 93' lang='lat' dir='ltr'><strong>ob</strong></span> <span class='ocrx_word' id='word_1_689' title='bbox 226 3630 374 3694; x_wconf 87' lang='lat' dir='ltr'><strong>probrosum</strong></span> <span class='ocrx_word' id='word_1_690' title='bbox 388 3635 484 3684; x_wconf 86' lang='lat' dir='ltr'><strong>Danaes</strong></span> <span class='ocrx_word' id='word_1_691' title='bbox 497 3647 605 3684; x_wconf 88' lang='lat' dir='ltr'><strong>amorem</strong></span> <span class='ocrx_word' id='word_1_692' title='bbox 618 3634 743 3684; x_wconf 76' lang='lat' dir='ltr'><strong>intorem</strong></span> <span class='ocrx_word' id='word_1_693' title='bbox 755 3634 864 3684; x_wconf 82' lang='lat' dir='ltr'><strong>convicia</strong></span> <span class='ocrx_word' id='word_1_694' title='bbox 876 3635 910 3698; x_wconf 81' lang='lat' dir='ltr'><strong>jc·</strong></span> <span class='ocrx_word' id='word_1_695' title='bbox 953 3634 1095 3684; x_wconf 90' lang='lat' dir='ltr'><strong>criticorum</strong></span> <span class='ocrx_word' id='word_1_696' title='bbox 1103 3633 1212 3683; x_wconf 87' lang='lat' dir='ltr'><strong>rirorum</strong></span> <span class='ocrx_word' id='word_1_697' title='bbox 1226 3632 1353 3684; x_wconf 85' lang='lat' dir='ltr'><strong>industria.</strong></span> <span class='ocrx_word' id='word_1_698' title='bbox 1361 3635 1447 3684; x_wconf 83' lang='lat' dir='ltr'><strong>Latina</strong></span> <span class='ocrx_word' id='word_1_699' title='bbox 1455 3647 1513 3698; x_wconf 75' lang='lat' dir='ltr'><strong>quae</strong></span> <span class='ocrx_word' id='word_1_700' title='bbox 1523 3636 1627 3700; x_wconf 90' lang='lat' dir='ltr'><strong>apposui</strong></span> <span class='ocrx_word' id='word_1_701' title='bbox 1640 3651 1738 3702; x_wconf 89' lang='lat' dir='ltr'><strong>respon-</strong></span> 
     </span>
     <span class='ocr_line' id='line_1_47' title="bbox 130 3700 1674 3769; baseline 0.005 -19"><span class='ocrx_word' id='word_1_702' title='bbox 130 3705 204 3762; x_wconf 82' lang='lat' dir='ltr'><strong>cerat,</strong></span> <span class='ocrx_word' id='word_1_703' title='bbox 218 3701 274 3765; x_wconf 92' lang='lat' dir='ltr'><strong>ipse</strong></span> <span class='ocrx_word' id='word_1_704' title='bbox 286 3703 361 3752; x_wconf 80' lang='grc' dir='ltr'><strong>σίίαιιι</strong></span> <span class='ocrx_word' id='word_1_705' title='bbox 375 3705 471 3754; x_wconf 81' lang='lat' dir='ltr'><strong>Danaes</strong></span> <span class='ocrx_word' id='word_1_706' title='bbox 487 3717 570 3755; x_wconf 88' lang='lat' dir='ltr'><strong>amore</strong></span> <span class='ocrx_word' id='word_1_707' title='bbox 584 3704 702 3769; x_wconf 71' lang='lat' dir='ltr'><strong>flagrant.</strong></span> <span class='ocrx_word' id='word_1_708' title='bbox 718 3725 729 3748; x_wconf 82' lang='grc' dir='ltr'><strong>υ</strong></span> <span class='ocrx_word' id='word_1_709' title='bbox 744 3706 774 3753; x_wconf 87' lang='lat' dir='ltr'><strong>B.</strong></span> <span class='ocrx_word' id='word_1_710' title='bbox 791 3706 871 3754; x_wconf 85' lang='lat' dir='ltr'><strong>versu</strong></span> <span class='ocrx_word' id='word_1_711' title='bbox 885 3711 908 3766; x_wconf 77' lang='grc' dir='ltr'><strong>υ,</strong></span> <span class='ocrx_word' id='word_1_712' title='bbox 953 3701 1166 3765; x_wconf 84' lang='lat' dir='ltr'><strong>dentconjecturis</strong></span> <span class='ocrx_word' id='word_1_713' title='bbox 1178 3700 1246 3754; x_wconf 86' lang='lat' dir='ltr'><strong>hisce</strong></span> <span class='ocrx_word' id='word_1_714' title='bbox 1260 3703 1321 3754; x_wconf 89' lang='lat' dir='ltr'><strong>meis</strong></span> <span class='ocrx_word' id='word_1_715' title='bbox 1334 3706 1359 3754; x_wconf 90' lang='lat' dir='ltr'><strong>et</strong></span> <span class='ocrx_word' id='word_1_716' title='bbox 1373 3704 1477 3754; x_wconf 89' lang='lat' dir='ltr'><strong>aliorum</strong></span> <span class='ocrx_word' id='word_1_717' title='bbox 1490 3704 1561 3756; x_wconf 72' lang='lat' dir='ltr'><strong>vnde</strong></span> <span class='ocrx_word' id='word_1_718' title='bbox 1574 3705 1674 3757; x_wconf 87' lang='lat' dir='ltr'><strong>dubiis:</strong></span> 
     </span>
     <span class='ocr_line' id='line_1_48' title="bbox 130 3773 1601 3842; baseline 0.006 -25"><span class='ocrx_word' id='word_1_719' title='bbox 130 3783 170 3833; x_wconf 86' lang='lat' dir='ltr'><strong>pro</strong></span> <span class='ocrx_word' id='word_1_720' title='bbox 183 3773 348 3836; x_wconf 69' lang='grc' dir='ltr'><strong>μεμψάμενος,</strong></span> <span class='ocrx_word' id='word_1_721' title='bbox 362 3775 464 3835; x_wconf 76' lang='lat' dir='ltr'><strong>praestat</strong></span> <span class='ocrx_word' id='word_1_722' title='bbox 477 3776 626 3836; x_wconf 84' lang='grc' dir='ltr'><strong>μιμψαμένης</strong></span> <span class='ocrx_word' id='word_1_723' title='bbox 642 3773 761 3837; x_wconf 86' lang='lat' dir='ltr'><strong>corrigere</strong></span> <span class='ocrx_word' id='word_1_724' title='bbox 776 3786 834 3822; x_wconf 92' lang='lat' dir='ltr'><strong>cum</strong></span> <span class='ocrx_word' id='word_1_725' title='bbox 850 3776 911 3823; x_wconf 81' lang='lat' dir='ltr'><strong>liec-</strong></span> <span class='ocrx_word' id='word_1_726' title='bbox 1595 3828 1601 3842; x_wconf 36' lang='grc' dir='ltr'><strong><em>Ι</em></strong></span> 
     </span>
     <span class='ocr_line' id='line_1_49' title="bbox 131 3826 1673 3906; baseline 0.001 -17"><span class='ocrx_word' id='word_1_727' title='bbox 131 3840 183 3890; x_wconf 86' lang='lat' dir='ltr'><strong>iero</strong></span> <span class='ocrx_word' id='word_1_728' title='bbox 198 3861 205 3890; x_wconf 76' lang='grc' dir='ltr'><strong>ι</strong></span> <span class='ocrx_word' id='word_1_729' title='bbox 222 3859 235 3883; x_wconf 84' lang='grc' dir='ltr'>ι</span> <span class='ocrx_word' id='word_1_730' title='bbox 249 3839 340 3891; x_wconf 87' lang='lat' dir='ltr'><strong>habuit</strong></span> <span class='ocrx_word' id='word_1_731' title='bbox 351 3843 435 3892; x_wconf 86' lang='lat' dir='ltr'><strong>Danae</strong></span> <span class='ocrx_word' id='word_1_732' title='bbox 447 3842 564 3893; x_wconf 82' lang='lat' dir='ltr'><strong>ductibus</strong></span> <span class='ocrx_word' id='word_1_733' title='bbox 576 3843 675 3892; x_wconf 87' lang='lat' dir='ltr'><strong>marinis</strong></span> <span class='ocrx_word' id='word_1_734' title='bbox 685 3843 775 3906; x_wconf 87' lang='lat' dir='ltr'><strong>jactata</strong></span> <span class='ocrx_word' id='word_1_735' title='bbox 788 3855 863 3906; x_wconf 90' lang='lat' dir='ltr'><strong>quare</strong></span> <span class='ocrx_word' id='word_1_736' title='bbox 879 3842 910 3893; x_wconf 91' lang='lat' dir='ltr'><strong>de</strong></span> <span class='ocrx_word' id='word_1_737' title='bbox 1017 3827 1116 3885; x_wconf 51' lang='grc' dir='ltr'><strong>Οὐκέτι»</strong></span> <span class='ocrx_word' id='word_1_738' title='bbox 1126 3826 1228 3891; x_wconf 63' lang='grc' dir='ltr'><strong>Πθθῖῖθυ</strong></span> <span class='ocrx_word' id='word_1_739' title='bbox 1237 3832 1295 3887; x_wconf 63' lang='grc' dir='ltr'><strong>παῖ,</strong></span> <span class='ocrx_word' id='word_1_740' title='bbox 1305 3827 1374 3890; x_wconf 63' lang='grc' dir='ltr'><strong>ίόθθν</strong></span> <span class='ocrx_word' id='word_1_741' title='bbox 1383 3827 1465 3891; x_wconf 66' lang='grc' dir='ltr'><strong>θῦλῑθῑ</strong></span> <span class='ocrx_word' id='word_1_742' title='bbox 1477 3829 1673 3892; x_wconf 61' lang='lat' dir='ltr'><strong>Britepoqeecqg,</strong></span> 
     </span>
    </p>
   </div>
   <div class='ocr_carea' id='block_1_4' title="bbox 131 3897 1633 4024">
    <p class='ocr_par' dir='ltr' id='par_1_4' title="bbox 131 3897 1633 4024">
     <span class='ocr_line' id='line_1_50' title="bbox 131 3897 1505 3974; baseline 0.001 -16"><span class='ocrx_word' id='word_1_743' title='bbox 131 3912 186 3960; x_wconf 87' lang='lat' dir='ltr'><strong>Jore</strong></span> <span class='ocrx_word' id='word_1_744' title='bbox 198 3913 354 3974; x_wconf 81' lang='lat' dir='ltr'><strong>quereretur.</strong></span> <span class='ocrx_word' id='word_1_745' title='bbox 366 3914 467 3962; x_wconf 82' lang='lat' dir='ltr'><strong>Nonnus</strong></span> <span class='ocrx_word' id='word_1_746' title='bbox 479 3913 550 3963; x_wconf 88' lang='lat' dir='ltr'><strong>Dion.</strong></span> <span class='ocrx_word' id='word_1_747' title='bbox 566 3915 639 3974; x_wconf 85' lang='lat' dir='ltr'><strong>Vlll,</strong></span> <span class='ocrx_word' id='word_1_748' title='bbox 653 3918 696 3963; x_wconf 74' lang='lat' dir='ltr'><strong>lto</strong></span> <span class='ocrx_word' id='word_1_749' title='bbox 712 3934 718 3962; x_wconf 79' lang='grc' dir='ltr'><strong>ι</strong></span> <span class='ocrx_word' id='word_1_750' title='bbox 1049 3897 1113 3946; x_wconf 62' lang='grc' dir='ltr'><strong>τοῦδ’</strong></span> <span class='ocrx_word' id='word_1_751' title='bbox 1122 3898 1187 3952; x_wconf 62' lang='grc' dir='ltr'><strong>ἑθίὸί</strong></span> <span class='ocrx_word' id='word_1_752' title='bbox 1196 3897 1278 3952; x_wconf 57' lang='grc' dir='ltr'><strong>παιδὸς</strong></span> <span class='ocrx_word' id='word_1_753' title='bbox 1287 3897 1399 3960; x_wconf 51' lang='grc' dir='ltr'><strong>θυομένου</strong></span> <span class='ocrx_word' id='word_1_754' title='bbox 1409 3897 1505 3946; x_wconf 57' lang='grc' dir='ltr'><strong>θάνατον</strong></span> 
     </span>
     <span class='ocr_line' id='line_1_51' title="bbox 1016 3967 1633 4024; baseline 0 -8"><span class='ocrx_word' id='word_1_755' title='bbox 1016 3967 1134 4016; x_wconf 83' lang='grc' dir='ltr'><strong>Γλαύκου·</strong></span> <span class='ocrx_word' id='word_1_756' title='bbox 1146 3968 1169 4014; x_wconf 84' lang='grc' dir='ltr'><strong>κ’</strong></span> <span class='ocrx_word' id='word_1_757' title='bbox 1180 3967 1278 4022; x_wconf 77' lang='grc' dir='ltr'><strong>Ἀντείας</strong></span> <span class='ocrx_word' id='word_1_758' title='bbox 1287 3967 1354 4016; x_wconf 71' lang='lat' dir='ltr'><strong>oeteo</strong></span> <span class='ocrx_word' id='word_1_759' title='bbox 1366 3968 1469 4016; x_wconf 81' lang='grc' dir='ltr'><strong>Ἰούοίτου</strong></span> <span class='ocrx_word' id='word_1_760' title='bbox 1480 3967 1500 4016; x_wconf 89' lang='grc' dir='ltr'><strong>θ’</strong></span> <span class='ocrx_word' id='word_1_761' title='bbox 1510 3968 1633 4024; x_wconf 80' lang='grc' dir='ltr'><strong>ύπαλύξει·</strong></span> 
     </span>
    </p>
   </div>
   <div class='ocr_carea' id='block_1_5' title="bbox 187 4012 1502 4099">
    <p class='ocr_par' dir='ltr' id='par_1_5' title="bbox 187 4012 1502 4099">
     <span class='ocr_line' id='line_1_52' title="bbox 187 4012 1502 4099; baseline 0 -15"><span class='ocrx_word' id='word_1_762' title='bbox 187 4035 224 4084; x_wconf 82' lang='lat' dir='ltr'><strong>oo</strong></span> <span class='ocrx_word' id='word_1_763' title='bbox 234 4034 317 4096; x_wconf 77' lang='grc' dir='ltr'><strong>Δανάῃ</strong></span> <span class='ocrx_word' id='word_1_764' title='bbox 329 4012 427 4098; x_wconf 79' lang='grc' dir='ltr'><strong>παρίαυε</strong></span> <span class='ocrx_word' id='word_1_765' title='bbox 437 4035 464 4082; x_wconf 86' lang='grc' dir='ltr'><strong>τὸ</strong></span> <span class='ocrx_word' id='word_1_766' title='bbox 473 4035 578 4096; x_wconf 87' lang='grc' dir='ltr'><strong>δεύτερον</strong></span> <span class='ocrx_word' id='word_1_767' title='bbox 591 4035 664 4088; x_wconf 80' lang='grc' dir='ltr'><strong>ὑέτιος</strong></span> <span class='ocrx_word' id='word_1_768' title='bbox 676 4034 743 4094; x_wconf 84' lang='grc' dir='ltr'><strong>Ζεύς,</strong></span> <span class='ocrx_word' id='word_1_769' title='bbox 1047 4038 1109 4085; x_wconf 85' lang='grc' dir='ltr'><strong>ούτω</strong></span> <span class='ocrx_word' id='word_1_770' title='bbox 1118 4036 1163 4099; x_wconf 80' lang='grc' dir='ltr'><strong>γὰρ</strong></span> <span class='ocrx_word' id='word_1_771' title='bbox 1174 4040 1267 4098; x_wconf 84' lang='grc' dir='ltr'><strong>Μοιρῶν</strong></span> <span class='ocrx_word' id='word_1_772' title='bbox 1277 4038 1299 4084; x_wconf 90' lang='lat' dir='ltr'><strong>ol</strong></span> <span class='ocrx_word' id='word_1_773' title='bbox 1310 4039 1429 4086; x_wconf 78' lang='grc' dir='ltr'><strong>ἐπέκλυσε</strong></span> <span class='ocrx_word' id='word_1_774' title='bbox 1442 4038 1502 4086; x_wconf 86' lang='grc' dir='ltr'><strong>λίνα.</strong></span> 
     </span>
    </p>
   </div>
   <div class='ocr_carea' id='block_1_6' title="bbox 187 4103 1732 4239">
    <p class='ocr_par' dir='ltr' id='par_1_6' title="bbox 187 4103 1732 4239">
     <span class='ocr_line' id='line_1_53' title="bbox 187 4103 1496 4188; baseline 0 -36"><span class='ocrx_word' id='word_1_775' title='bbox 187 4107 247 4188; x_wconf 66' lang='lat' dir='ltr'><strong>qaia</strong></span> <span class='ocrx_word' id='word_1_776' title='bbox 256 4103 418 4168; x_wconf 82' lang='grc' dir='ltr'><strong>σιδηροφύρυισ</strong></span> <span class='ocrx_word' id='word_1_777' title='bbox 430 4105 487 4165; x_wconf 84' lang='grc' dir='ltr'><strong>μετὰ</strong></span> <span class='ocrx_word' id='word_1_778' title='bbox 497 4105 612 4166; x_wconf 80' lang='grc' dir='ltr'><strong>σφρηγῖδα</strong></span> <span class='ocrx_word' id='word_1_779' title='bbox 621 4103 747 4166; x_wconf 79' lang='grc' dir='ltr'><strong>μελάθρου,</strong></span> <span class='ocrx_word' id='word_1_780' title='bbox 1243 4158 1248 4169; x_wconf 43' lang='grc' dir='ltr'>Ι</span> <span class='ocrx_word' id='word_1_781' title='bbox 1303 4158 1309 4170; x_wconf 36' lang='lat'><strong>¹</strong></span> <span class='ocrx_word' id='word_1_782' title='bbox 1491 4159 1496 4172; x_wconf 37' lang='grc' dir='ltr'>ι</span> 
     </span>
     <span class='ocr_line' id='line_1_54' title="bbox 189 4156 1732 4239; baseline 0.003 -30"><span class='ocrx_word' id='word_1_783' title='bbox 189 4177 326 4238; x_wconf 44' lang='lat' dir='ltr'><strong>„mmm</strong></span> <span class='ocrx_word' id='word_1_784' title='bbox 337 4177 458 4238; x_wconf 53' lang='lat' dir='ltr'><strong>mem„</strong></span> <span class='ocrx_word' id='word_1_785' title='bbox 470 4175 567 4237; x_wconf 55' lang='grc' dir='ltr'><strong>γάμως,</strong></span> <span class='ocrx_word' id='word_1_786' title='bbox 577 4175 707 4223; x_wconf 57' lang='lat' dir='ltr'><strong>,mmm</strong></span> <span class='ocrx_word' id='word_1_787' title='bbox 716 4176 800 4239; x_wconf 56' lang='lat' dir='ltr'><strong>,cm</strong></span> <span class='ocrx_word' id='word_1_788' title='bbox 812 4196 824 4220; x_wconf 92' lang='grc'><strong>,</strong></span> <span class='ocrx_word' id='word_1_789' title='bbox 955 4160 1064 4210; x_wconf 89' lang='lat' dir='ltr'><strong>Glaucus</strong></span> <span class='ocrx_word' id='word_1_790' title='bbox 1071 4156 1263 4222; x_wconf 81' lang='lat' dir='ltr'><strong>Bellerophontis</strong></span> <span class='ocrx_word' id='word_1_791' title='bbox 1275 4158 1341 4208; x_wconf 83' lang='lat' dir='ltr'><strong>filaus</strong></span> <span class='ocrx_word' id='word_1_792' title='bbox 1354 4172 1404 4208; x_wconf 91' lang='lat' dir='ltr'><strong>non</strong></span> <span class='ocrx_word' id='word_1_793' title='bbox 1416 4161 1455 4210; x_wconf 89' lang='lat' dir='ltr'><strong>est</strong></span> <span class='ocrx_word' id='word_1_794' title='bbox 1466 4159 1565 4210; x_wconf 73' lang='lat' dir='ltr'><strong>denuda</strong></span> <span class='ocrx_word' id='word_1_795' title='bbox 1577 4161 1665 4219; x_wconf 76' lang='grc' dir='ltr'><strong>ποίοις</strong></span> <span class='ocrx_word' id='word_1_796' title='bbox 1675 4176 1732 4213; x_wconf 88' lang='lat' dir='ltr'><strong>narn</strong></span> 
     </span>
    </p>
   </div>
   <div class='ocr_carea' id='block_1_7' title="bbox 132 4226 1737 5280">
    <p class='ocr_par' dir='ltr' id='par_1_7' title="bbox 955 4226 1737 4292">
     <span class='ocr_line' id='line_1_55' title="bbox 955 4226 1737 4292; baseline 0.004 -14"><span class='ocrx_word' id='word_1_797' title='bbox 955 4231 1063 4279; x_wconf 87' lang='lat' dir='ltr'><strong>Glaucus</strong></span> <span class='ocrx_word' id='word_1_798' title='bbox 1085 4226 1223 4278; x_wconf 89' lang='lat' dir='ltr'><strong>homericus</strong></span> <span class='ocrx_word' id='word_1_799' title='bbox 1241 4230 1295 4292; x_wconf 86' lang='lat' dir='ltr'><strong>ejus</strong></span> <span class='ocrx_word' id='word_1_800' title='bbox 1314 4229 1367 4278; x_wconf 90' lang='lat' dir='ltr'><strong>erat</strong></span> <span class='ocrx_word' id='word_1_801' title='bbox 1385 4240 1468 4292; x_wconf 87' lang='lat' dir='ltr'><strong>nepos.</strong></span> <span class='ocrx_word' id='word_1_802' title='bbox 1489 4229 1589 4291; x_wconf 75' lang='grc' dir='ltr'><strong>Αοθοίο,</strong></span> <span class='ocrx_word' id='word_1_803' title='bbox 1608 4242 1684 4292; x_wconf 64' lang='lat' dir='ltr'><strong>wem</strong></span> <span class='ocrx_word' id='word_1_804' title='bbox 1702 4232 1737 4281; x_wconf 92' lang='lat' dir='ltr'><strong>in-</strong></span> 
     </span>
    </p>

    <p class='ocr_par' dir='ltr' id='par_1_8' title="bbox 132 4295 1737 4506">
     <span class='ocr_line' id='line_1_56' title="bbox 134 4295 1736 4367; baseline 0.003 -21"><span class='ocrx_word' id='word_1_805' title='bbox 134 4301 162 4348; x_wconf 85' lang='lat' dir='ltr'><strong>t&#39;t</strong></span> <span class='ocrx_word' id='word_1_806' title='bbox 174 4313 222 4348; x_wconf 90' lang='lat' dir='ltr'><strong>nun</strong></span> <span class='ocrx_word' id='word_1_807' title='bbox 236 4297 336 4348; x_wconf 78' lang='lat' dir='ltr'><strong>ommino</strong></span> <span class='ocrx_word' id='word_1_808' title='bbox 352 4297 516 4346; x_wconf 70' lang='lat' dir='ltr'><strong>necmmrium</strong></span> <span class='ocrx_word' id='word_1_809' title='bbox 529 4296 643 4346; x_wconf 85' lang='lat' dir='ltr'><strong>rideatur</strong></span> <span class='ocrx_word' id='word_1_810' title='bbox 655 4295 686 4344; x_wconf 90' lang='lat' dir='ltr'><strong>ab</strong></span> <span class='ocrx_word' id='word_1_811' title='bbox 699 4296 786 4346; x_wconf 90' lang='lat' dir='ltr'><strong>eodem</strong></span> <span class='ocrx_word' id='word_1_812' title='bbox 805 4300 910 4362; x_wconf 91' lang='lat' dir='ltr'><strong>proposi·</strong></span> <span class='ocrx_word' id='word_1_813' title='bbox 953 4297 1041 4361; x_wconf 91' lang='lat' dir='ltr'><strong>trudo,</strong></span> <span class='ocrx_word' id='word_1_814' title='bbox 1060 4298 1136 4347; x_wconf 73' lang='lat' dir='ltr'><strong>Proeti</strong></span> <span class='ocrx_word' id='word_1_815' title='bbox 1156 4299 1256 4362; x_wconf 76' lang='lat' dir='ltr'><strong>majus,</strong></span> <span class='ocrx_word' id='word_1_816' title='bbox 1277 4300 1303 4348; x_wconf 89' lang='lat' dir='ltr'><strong>et</strong></span> <span class='ocrx_word' id='word_1_817' title='bbox 1320 4310 1391 4367; x_wconf 61' lang='lat' dir='ltr'><strong>⁴socer</strong></span> <span class='ocrx_word' id='word_1_818' title='bbox 1411 4297 1509 4349; x_wconf 87' lang='lat' dir='ltr'><strong>Iobates</strong></span> <span class='ocrx_word' id='word_1_819' title='bbox 1527 4298 1736 4363; x_wconf 83' lang='lat' dir='ltr'><strong>Bellerophontem</strong></span> 
     </span>
     <span class='ocr_line' id='line_1_57' title="bbox 132 4367 1734 4433; baseline 0.002 -16"><span class='ocrx_word' id='word_1_820' title='bbox 132 4372 183 4418; x_wconf 88' lang='lat' dir='ltr'><strong>tum</strong></span> <span class='ocrx_word' id='word_1_821' title='bbox 199 4371 334 4431; x_wconf 73' lang='grc' dir='ltr'><strong>αισρημους</strong></span> <span class='ocrx_word' id='word_1_822' title='bbox 347 4369 420 4424; x_wconf 82' lang='grc' dir='ltr'><strong>εὐνάς.</strong></span> <span class='ocrx_word' id='word_1_823' title='bbox 954 4369 1055 4433; x_wconf 88' lang='lat' dir='ltr'><strong>perdere</strong></span> <span class='ocrx_word' id='word_1_824' title='bbox 1068 4368 1207 4419; x_wconf 76' lang='lat' dir='ltr'><strong>noluerunt.</strong></span> <span class='ocrx_word' id='word_1_825' title='bbox 1218 4367 1267 4418; x_wconf 87' lang='lat' dir='ltr'><strong>sed</strong></span> <span class='ocrx_word' id='word_1_826' title='bbox 1278 4368 1450 4420; x_wconf 86' lang='lat' dir='ltr'><strong>hariolationes</strong></span> <span class='ocrx_word' id='word_1_827' title='bbox 1462 4369 1516 4420; x_wconf 80' lang='lat' dir='ltr'><strong>iste</strong></span> <span class='ocrx_word' id='word_1_828' title='bbox 1525 4370 1734 4422; x_wconf 82' lang='lat' dir='ltr'><strong>suntleridenses.</strong></span> 
     </span>
     <span class='ocr_line' id='line_1_58' title="bbox 518 4438 1737 4506; baseline 0.006 -18"><span class='ocrx_word' id='word_1_829' title='bbox 518 4461 522 4470; x_wconf 94' lang='lat'>·</span> <span class='ocrx_word' id='word_1_830' title='bbox 954 4443 1077 4491; x_wconf 81' lang='lat' dir='ltr'><strong>Praeterea</strong></span> <span class='ocrx_word' id='word_1_831' title='bbox 1090 4438 1117 4489; x_wconf 92' lang='lat' dir='ltr'><strong>id</strong></span> <span class='ocrx_word' id='word_1_832' title='bbox 1131 4452 1172 4491; x_wconf 91' lang='lat' dir='ltr'><strong>me</strong></span> <span class='ocrx_word' id='word_1_833' title='bbox 1186 4443 1304 4502; x_wconf 89' lang='lat' dir='ltr'><strong>moratur,</strong></span> <span class='ocrx_word' id='word_1_834' title='bbox 1321 4453 1368 4496; x_wconf 91' lang='lat' dir='ltr'><strong>nec</strong></span> <span class='ocrx_word' id='word_1_835' title='bbox 1381 4454 1483 4506; x_wconf 86' lang='lat' dir='ltr'><strong>pamm,</strong></span> <span class='ocrx_word' id='word_1_836' title='bbox 1500 4443 1568 4506; x_wconf 90' lang='lat' dir='ltr'><strong>quod</strong></span> <span class='ocrx_word' id='word_1_837' title='bbox 1581 4442 1637 4494; x_wconf 82' lang='lat' dir='ltr'><strong>hec</strong></span> <span class='ocrx_word' id='word_1_838' title='bbox 1652 4443 1737 4495; x_wconf 88' lang='lat' dir='ltr'><strong>tabula</strong></span> 
     </span>
    </p>

    <p class='ocr_par' dir='ltr' id='par_1_9' title="bbox 132 4508 1736 5000">
     <span class='ocr_line' id='line_1_59' title="bbox 162 4508 1736 4574; baseline 0.003 -14"><span class='ocrx_word' id='word_1_839' title='bbox 162 4511 214 4560; x_wconf 82' lang='lat' dir='ltr'><strong>xil.</strong></span> <span class='ocrx_word' id='word_1_840' title='bbox 229 4512 259 4561; x_wconf 84' lang='lat' dir='ltr'><strong>ln</strong></span> <span class='ocrx_word' id='word_1_841' title='bbox 272 4521 349 4573; x_wconf 71' lang='lat' dir='ltr'><strong>marg.</strong></span> <span class='ocrx_word' id='word_1_842' title='bbox 363 4511 430 4572; x_wconf 77' lang='grc' dir='ltr'><strong>ιπερὶ</strong></span> <span class='ocrx_word' id='word_1_843' title='bbox 445 4508 577 4573; x_wconf 81' lang='grc' dir='ltr'><strong>Φύρθαντος</strong></span> <span class='ocrx_word' id='word_1_844' title='bbox 588 4512 628 4558; x_wconf 85' lang='grc' dir='ltr'><strong>καὶ</strong></span> <span class='ocrx_word' id='word_1_845' title='bbox 638 4511 794 4572; x_wconf 78' lang='grc' dir='ltr'><strong>Πολυμήλου,</strong></span> <span class='ocrx_word' id='word_1_846' title='bbox 804 4511 842 4566; x_wconf 83' lang='grc' dir='ltr'><strong>οὓς</strong></span> <span class='ocrx_word' id='word_1_847' title='bbox 857 4511 912 4560; x_wconf 86' lang='grc' dir='ltr'><strong>ὰπέ-</strong></span> <span class='ocrx_word' id='word_1_848' title='bbox 955 4509 1090 4574; x_wconf 75' lang='lat' dir='ltr'><strong>exemplum</strong></span> <span class='ocrx_word' id='word_1_849' title='bbox 1096 4509 1193 4573; x_wconf 80' lang='lat' dir='ltr'><strong>pietatis</strong></span> <span class='ocrx_word' id='word_1_850' title='bbox 1200 4523 1257 4574; x_wconf 82' lang='lat' dir='ltr'><strong>erga</strong></span> <span class='ocrx_word' id='word_1_851' title='bbox 1263 4513 1367 4562; x_wconf 82' lang='lat' dir='ltr'><strong>matrem</strong></span> <span class='ocrx_word' id='word_1_852' title='bbox 1374 4525 1422 4561; x_wconf 88' lang='lat' dir='ltr'><strong>non</strong></span> <span class='ocrx_word' id='word_1_853' title='bbox 1429 4510 1547 4563; x_wconf 81' lang='lat' dir='ltr'><strong>exhibeat.</strong></span> <span class='ocrx_word' id='word_1_854' title='bbox 1558 4515 1610 4564; x_wconf 85' lang='grc' dir='ltr'><strong>υΒ.</strong></span> <span class='ocrx_word' id='word_1_855' title='bbox 1619 4539 1650 4549; x_wconf 94' lang='grc'><strong>-</strong></span> <span class='ocrx_word' id='word_1_856' title='bbox 1658 4521 1671 4566; x_wconf 83' lang='grc'>5</span> <span class='ocrx_word' id='word_1_857' title='bbox 1679 4515 1736 4573; x_wconf 79' lang='grc' dir='ltr'><strong>διπή-</strong></span> 
     </span>
     <span class='ocr_line' id='line_1_60' title="bbox 134 4577 1734 4646; baseline 0.004 -18"><span class='ocrx_word' id='word_1_858' title='bbox 134 4596 215 4628; x_wconf 77' lang='grc' dir='ltr'><strong>κτεινοι</strong></span> <span class='ocrx_word' id='word_1_859' title='bbox 228 4579 311 4635; x_wconf 80' lang='grc' dir='ltr'><strong>Ἰξίων.</strong></span> <span class='ocrx_word' id='word_1_860' title='bbox 326 4582 356 4630; x_wconf 89' lang='lat' dir='ltr'><strong>ln</strong></span> <span class='ocrx_word' id='word_1_861' title='bbox 369 4577 418 4629; x_wconf 82' lang='lat' dir='ltr'><strong>fine</strong></span> <span class='ocrx_word' id='word_1_862' title='bbox 430 4579 552 4629; x_wconf 84' lang='lat' dir='ltr'><strong>lemmatis</strong></span> <span class='ocrx_word' id='word_1_863' title='bbox 565 4578 625 4628; x_wconf 82' lang='lat' dir='ltr'><strong>eod.</strong></span> <span class='ocrx_word' id='word_1_864' title='bbox 636 4581 674 4629; x_wconf 85' lang='grc' dir='ltr'><strong>ἐπὶ</strong></span> <span class='ocrx_word' id='word_1_865' title='bbox 685 4585 762 4629; x_wconf 86' lang='grc' dir='ltr'><strong>τοῦτο.</strong></span> <span class='ocrx_word' id='word_1_866' title='bbox 772 4578 867 4630; x_wconf 83' lang='lat' dir='ltr'><strong>Fabula</strong></span> <span class='ocrx_word' id='word_1_867' title='bbox 880 4581 911 4630; x_wconf 87' lang='lat' dir='ltr'><strong>ab</strong></span> <span class='ocrx_word' id='word_1_868' title='bbox 954 4583 1041 4637; x_wconf 89' lang='grc' dir='ltr'><strong>λαυσας</strong></span> <span class='ocrx_word' id='word_1_869' title='bbox 1057 4579 1129 4642; x_wconf 76' lang='lat' dir='ltr'><strong>cod,</strong></span> <span class='ocrx_word' id='word_1_870' title='bbox 1141 4593 1202 4631; x_wconf 83' lang='lat' dir='ltr'><strong>corr.</strong></span> <span class='ocrx_word' id='word_1_871' title='bbox 1213 4583 1265 4631; x_wconf 74' lang='lat' dir='ltr'><strong>Jao</strong></span> <span class='ocrx_word' id='word_1_872' title='bbox 1282 4589 1338 4634; x_wconf 86' lang='grc' dir='ltr'><strong>-θ</strong></span> <span class='ocrx_word' id='word_1_873' title='bbox 1350 4583 1494 4646; x_wconf 82' lang='grc' dir='ltr'><strong>ίπεφροίσατο</strong></span> <span class='ocrx_word' id='word_1_874' title='bbox 1511 4582 1583 4646; x_wconf 68' lang='grc' dir='ltr'><strong>(λου,</strong></span> <span class='ocrx_word' id='word_1_875' title='bbox 1600 4595 1662 4635; x_wconf 80' lang='lat' dir='ltr'><strong>corr.</strong></span> <span class='ocrx_word' id='word_1_876' title='bbox 1672 4587 1734 4642; x_wconf 73' lang='lat' dir='ltr'><strong>tao,</strong></span> 
     </span>
     <span class='ocr_line' id='line_1_61' title="bbox 133 4650 1736 4720; baseline 0.003 -21"><span class='ocrx_word' id='word_1_877' title='bbox 133 4650 178 4699; x_wconf 77' lang='lat' dir='ltr'><strong>alb</strong></span> <span class='ocrx_word' id='word_1_878' title='bbox 197 4651 294 4700; x_wconf 88' lang='lat' dir='ltr'><strong>nemine</strong></span> <span class='ocrx_word' id='word_1_879' title='bbox 312 4652 446 4701; x_wconf 66' lang='lat' dir='ltr'><strong>memorata</strong></span> <span class='ocrx_word' id='word_1_880' title='bbox 464 4654 490 4700; x_wconf 89' lang='lat' dir='ltr'><strong>et</strong></span> <span class='ocrx_word' id='word_1_881' title='bbox 509 4663 610 4714; x_wconf 90' lang='lat' dir='ltr'><strong>prorsus</strong></span> <span class='ocrx_word' id='word_1_882' title='bbox 630 4651 758 4716; x_wconf 87' lang='lat' dir='ltr'><strong>incognita.</strong></span> <span class='ocrx_word' id='word_1_883' title='bbox 774 4677 807 4688; x_wconf 89' lang='lat'><em>-</em></span> <span class='ocrx_word' id='word_1_884' title='bbox 824 4656 833 4700; x_wconf 87' lang='lat' dir='ltr'><strong>i</strong></span> <span class='ocrx_word' id='word_1_885' title='bbox 855 4654 910 4714; x_wconf 83' lang='grc' dir='ltr'><strong>γαίη</strong></span> <span class='ocrx_word' id='word_1_886' title='bbox 955 4651 1072 4714; x_wconf 90' lang='lat' dir='ltr'><strong>probatus</strong></span> <span class='ocrx_word' id='word_1_887' title='bbox 1087 4650 1118 4701; x_wconf 86' lang='lat' dir='ltr'><strong>ab</strong></span> <span class='ocrx_word' id='word_1_888' title='bbox 1135 4651 1245 4702; x_wconf 85' lang='lat' dir='ltr'><strong>lleclero</strong></span> <span class='ocrx_word' id='word_1_889' title='bbox 1264 4654 1289 4702; x_wconf 90' lang='lat' dir='ltr'><strong>et</strong></span> <span class='ocrx_word' id='word_1_890' title='bbox 1306 4652 1435 4704; x_wconf 80' lang='lat' dir='ltr'><strong>walchero</strong></span> <span class='ocrx_word' id='word_1_891' title='bbox 1452 4667 1476 4717; x_wconf 92' lang='lat' dir='ltr'><strong>p.</strong></span> <span class='ocrx_word' id='word_1_892' title='bbox 1496 4657 1551 4717; x_wconf 83' lang='grc'><strong>798,</strong></span> <span class='ocrx_word' id='word_1_893' title='bbox 1566 4654 1609 4718; x_wconf 90' lang='lat' dir='ltr'><strong>qui</strong></span> <span class='ocrx_word' id='word_1_894' title='bbox 1626 4653 1736 4720; x_wconf 83' lang='lat' dir='ltr'><strong>iutelligit</strong></span> 
     </span>
     <span class='ocr_line' id='line_1_62' title="bbox 132 4720 1734 4788; baseline 0.003 -18"><span class='ocrx_word' id='word_1_895' title='bbox 132 4720 200 4780; x_wconf 77' lang='lat' dir='ltr'><strong>Cod..</strong></span> <span class='ocrx_word' id='word_1_896' title='bbox 215 4733 278 4771; x_wconf 84' lang='lat' dir='ltr'><strong>corr.</strong></span> <span class='ocrx_word' id='word_1_897' title='bbox 298 4722 351 4770; x_wconf 87' lang='lat' dir='ltr'><strong>lac.</strong></span> <span class='ocrx_word' id='word_1_898' title='bbox 375 4739 387 4763; x_wconf 81' lang='grc' dir='ltr'><strong>ν</strong></span> <span class='ocrx_word' id='word_1_899' title='bbox 407 4721 502 4786; x_wconf 71' lang='lat' dir='ltr'><strong>nepem</strong></span> <span class='ocrx_word' id='word_1_900' title='bbox 522 4721 600 4770; x_wconf 87' lang='lat' dir='ltr'><strong>torma</strong></span> <span class='ocrx_word' id='word_1_901' title='bbox 618 4721 678 4771; x_wconf 89' lang='lat' dir='ltr'><strong>alias</strong></span> <span class='ocrx_word' id='word_1_902' title='bbox 697 4721 813 4771; x_wconf 70' lang='lat' dir='ltr'><strong>inusitna</strong></span> <span class='ocrx_word' id='word_1_903' title='bbox 831 4724 912 4784; x_wconf 80' lang='lat' dir='ltr'><strong>poete</strong></span> <span class='ocrx_word' id='word_1_904' title='bbox 955 4724 1019 4774; x_wconf 88' lang='lat' dir='ltr'><strong>bona</strong></span> <span class='ocrx_word' id='word_1_905' title='bbox 1037 4722 1145 4786; x_wconf 85' lang='lat' dir='ltr'><strong>exempla</strong></span> <span class='ocrx_word' id='word_1_906' title='bbox 1165 4721 1263 4786; x_wconf 88' lang='lat' dir='ltr'><strong>pietatis</strong></span> <span class='ocrx_word' id='word_1_907' title='bbox 1281 4721 1388 4773; x_wconf 89' lang='lat' dir='ltr'><strong>liliorum</strong></span> <span class='ocrx_word' id='word_1_908' title='bbox 1404 4723 1431 4774; x_wconf 91' lang='lat' dir='ltr'><strong>iu</strong></span> <span class='ocrx_word' id='word_1_909' title='bbox 1450 4725 1545 4788; x_wconf 90' lang='lat' dir='ltr'><strong>putres,</strong></span> <span class='ocrx_word' id='word_1_910' title='bbox 1561 4722 1607 4788; x_wconf 89' lang='lat' dir='ltr'><strong>ipsi</strong></span> <span class='ocrx_word' id='word_1_911' title='bbox 1623 4727 1734 4781; x_wconf 67' lang='lat' dir='ltr'><strong>nanatac</strong></span> 
     </span>
     <span class='ocr_line' id='line_1_63' title="bbox 132 4789 1733 4858; baseline 0.005 -20"><span class='ocrx_word' id='word_1_912' title='bbox 132 4791 279 4841; x_wconf 81' lang='lat' dir='ltr'><strong>recentioris.</strong></span> <span class='ocrx_word' id='word_1_913' title='bbox 295 4811 308 4835; x_wconf 77' lang='grc' dir='ltr'><strong>ι</strong></span> <span class='ocrx_word' id='word_1_914' title='bbox 322 4789 400 4842; x_wconf 82' lang='grc' dir='ltr'><strong>Βοίλ.</strong></span> <span class='ocrx_word' id='word_1_915' title='bbox 410 4797 465 4842; x_wconf 83' lang='lat'><strong>-2</strong></span> <span class='ocrx_word' id='word_1_916' title='bbox 479 4791 633 4854; x_wconf 75' lang='grc' dir='ltr'><strong>ἀμυνόμενος,</strong></span> <span class='ocrx_word' id='word_1_917' title='bbox 648 4791 734 4855; x_wconf 88' lang='lat' dir='ltr'><strong>supple</strong></span> <span class='ocrx_word' id='word_1_918' title='bbox 752 4792 824 4855; x_wconf 81' lang='grc' dir='ltr'><strong>αὐτῇ,</strong></span> <span class='ocrx_word' id='word_1_919' title='bbox 842 4794 910 4851; x_wconf 83' lang='grc' dir='ltr'><strong>ποινή</strong></span> <span class='ocrx_word' id='word_1_920' title='bbox 956 4812 969 4838; x_wconf 84' lang='grc' dir='ltr'><strong>ι</strong></span> <span class='ocrx_word' id='word_1_921' title='bbox 986 4794 1069 4858; x_wconf 75' lang='grc' dir='ltr'><strong>μάρτυς</strong></span> <span class='ocrx_word' id='word_1_922' title='bbox 1086 4792 1216 4857; x_wconf 90' lang='lat' dir='ltr'><strong>improprie</strong></span> <span class='ocrx_word' id='word_1_923' title='bbox 1234 4792 1265 4844; x_wconf 91' lang='lat' dir='ltr'><strong>de</strong></span> <span class='ocrx_word' id='word_1_924' title='bbox 1284 4793 1405 4845; x_wconf 69' lang='lat' dir='ltr'><strong>audete.</strong></span> <span class='ocrx_word' id='word_1_925' title='bbox 1421 4812 1435 4840; x_wconf 84' lang='grc' dir='ltr'><strong>ν</strong></span> <span class='ocrx_word' id='word_1_926' title='bbox 1452 4793 1530 4845; x_wconf 85' lang='lat' dir='ltr'><strong>Aliter</strong></span> <span class='ocrx_word' id='word_1_927' title='bbox 1541 4791 1646 4844; x_wconf 77' lang='lat' dir='ltr'><strong>Gratius</strong></span> <span class='ocrx_word' id='word_1_928' title='bbox 1658 4795 1733 4858; x_wconf 88' lang='lat' dir='ltr'><strong>cepit.</strong></span> 
     </span>
     <span class='ocr_line' id='line_1_64' title="bbox 133 4857 1734 4928; baseline 0.003 -19"><span class='ocrx_word' id='word_1_929' title='bbox 133 4864 212 4910; x_wconf 80' lang='lat' dir='ltr'><strong>autem</strong></span> <span class='ocrx_word' id='word_1_930' title='bbox 225 4862 243 4912; x_wconf 94' lang='lat' dir='ltr'><strong>i.</strong></span> <span class='ocrx_word' id='word_1_931' title='bbox 254 4873 280 4925; x_wconf 89' lang='lat' dir='ltr'><strong>q.</strong></span> <span class='ocrx_word' id='word_1_932' title='bbox 294 4862 403 4927; x_wconf 81' lang='grc' dir='ltr'><strong>τιμωρία.</strong></span> <span class='ocrx_word' id='word_1_933' title='bbox 955 4863 998 4927; x_wconf 91' lang='lat' dir='ltr'><strong>qui</strong></span> <span class='ocrx_word' id='word_1_934' title='bbox 1014 4863 1083 4928; x_wconf 89' lang='lat' dir='ltr'><strong>pouit</strong></span> <span class='ocrx_word' id='word_1_935' title='bbox 1097 4863 1191 4928; x_wconf 82' lang='grc' dir='ltr'><strong>μάρτυν.</strong></span> <span class='ocrx_word' id='word_1_936' title='bbox 1207 4864 1333 4914; x_wconf 79' lang='grc' dir='ltr'><strong>Ηοολοτυι</strong></span> <span class='ocrx_word' id='word_1_937' title='bbox 1347 4884 1354 4914; x_wconf 78' lang='grc' dir='ltr'><strong>ι</strong></span> <span class='ocrx_word' id='word_1_938' title='bbox 1370 4883 1382 4908; x_wconf 79' lang='grc' dir='ltr'><strong>τ</strong></span> <span class='ocrx_word' id='word_1_939' title='bbox 1398 4866 1481 4922; x_wconf 85' lang='lat' dir='ltr'><strong>Quum</strong></span> <span class='ocrx_word' id='word_1_940' title='bbox 1500 4857 1620 4926; x_wconf 77' lang='lat' dir='ltr'><strong>Glahens,</strong></span> <span class='ocrx_word' id='word_1_941' title='bbox 1638 4863 1734 4915; x_wconf 79' lang='lat' dir='ltr'><strong>uedeo</strong></span> 
     </span>
     <span class='ocr_line' id='line_1_65' title="bbox 954 4932 1734 5000; baseline 0 -16"><span class='ocrx_word' id='word_1_942' title='bbox 954 4936 1024 4997; x_wconf 88' lang='lat' dir='ltr'><strong>patre</strong></span> <span class='ocrx_word' id='word_1_943' title='bbox 1037 4933 1167 4999; x_wconf 84' lang='lat' dir='ltr'><strong>propulsa,</strong></span> <span class='ocrx_word' id='word_1_944' title='bbox 1181 4933 1366 5000; x_wconf 81' lang='lat' dir='ltr'><strong>liegapentbem</strong></span> <span class='ocrx_word' id='word_1_945' title='bbox 1377 4947 1427 4985; x_wconf 89' lang='lat' dir='ltr'><strong>nan</strong></span> <span class='ocrx_word' id='word_1_946' title='bbox 1438 4934 1598 4996; x_wconf 81' lang='lat' dir='ltr'><strong>interfecerit,</strong></span> <span class='ocrx_word' id='word_1_947' title='bbox 1612 4932 1734 4997; x_wconf 84' lang='lat' dir='ltr'><strong>probabile</strong></span> 
     </span>
    </p>

    <p class='ocr_par' dir='ltr' id='par_1_10' title="bbox 134 5002 1734 5280">
     <span class='ocr_line' id='line_1_66' title="bbox 164 5002 1733 5068; baseline 0.003 -18"><span class='ocrx_word' id='word_1_948' title='bbox 164 5002 256 5052; x_wconf 73' lang='lat' dir='ltr'><strong>xtra«</strong></span> <span class='ocrx_word' id='word_1_949' title='bbox 276 5003 418 5055; x_wconf 75' lang='lat' dir='ltr'><strong>simmam</strong></span> <span class='ocrx_word' id='word_1_950' title='bbox 434 5004 492 5067; x_wconf 89' lang='lat' dir='ltr'><strong>post</strong></span> <span class='ocrx_word' id='word_1_951' title='bbox 507 5002 707 5068; x_wconf 69' lang='lat' dir='ltr'><strong>amphitryonem</strong></span> <span class='ocrx_word' id='word_1_952' title='bbox 725 5003 910 5055; x_wconf 83' lang='lat' dir='ltr'><strong>Rhadamantho</strong></span> <span class='ocrx_word' id='word_1_953' title='bbox 954 5006 992 5054; x_wconf 89' lang='lat' dir='ltr'><strong>est</strong></span> <span class='ocrx_word' id='word_1_954' title='bbox 1005 5016 1063 5054; x_wconf 92' lang='lat' dir='ltr'><strong>eum</strong></span> <span class='ocrx_word' id='word_1_955' title='bbox 1082 5003 1291 5068; x_wconf 80' lang='lat' dir='ltr'><strong>Bellerophontem</strong></span> <span class='ocrx_word' id='word_1_956' title='bbox 1305 5006 1331 5055; x_wconf 90' lang='lat' dir='ltr'><strong>et</strong></span> <span class='ocrx_word' id='word_1_957' title='bbox 1343 5004 1419 5054; x_wconf 77' lang='lat' dir='ltr'><strong>Praeti</strong></span> <span class='ocrx_word' id='word_1_958' title='bbox 1437 5002 1515 5054; x_wconf 86' lang='lat' dir='ltr'><strong>tilium</strong></span> <span class='ocrx_word' id='word_1_959' title='bbox 1530 5003 1562 5054; x_wconf 91' lang='lat' dir='ltr'><strong>ad</strong></span> <span class='ocrx_word' id='word_1_960' title='bbox 1581 5002 1733 5054; x_wconf 86' lang='lat' dir='ltr'><strong>concordiam</strong></span> 
     </span>
     <span class='ocr_line' id='line_1_67' title="bbox 134 5072 1734 5138; baseline 0.003 -20"><span class='ocrx_word' id='word_1_961' title='bbox 134 5072 244 5133; x_wconf 88' lang='lat' dir='ltr'><strong>nupsisse</strong></span> <span class='ocrx_word' id='word_1_962' title='bbox 261 5075 344 5124; x_wconf 73' lang='lat' dir='ltr'><strong>omrai</strong></span> <span class='ocrx_word' id='word_1_963' title='bbox 357 5072 493 5137; x_wconf 76' lang='lat' dir='ltr'><strong>apollodor.</strong></span> <span class='ocrx_word' id='word_1_964' title='bbox 510 5076 544 5136; x_wconf 95' lang='lat' dir='ltr'><strong>ll,</strong></span> <span class='ocrx_word' id='word_1_965' title='bbox 558 5077 582 5136; x_wconf 82' lang='lat' dir='ltr'><strong>t,</strong></span> <span class='ocrx_word' id='word_1_966' title='bbox 597 5087 700 5138; x_wconf 88' lang='lat' dir='ltr'><strong>eamque</strong></span> <span class='ocrx_word' id='word_1_967' title='bbox 717 5073 912 5126; x_wconf 87' lang='lat' dir='ltr'><strong>adhocaltler·</strong></span> <span class='ocrx_word' id='word_1_968' title='bbox 954 5074 1072 5125; x_wconf 87' lang='lat' dir='ltr'><strong>reducere</strong></span> <span class='ocrx_word' id='word_1_969' title='bbox 1093 5075 1215 5138; x_wconf 85' lang='lat' dir='ltr'><strong>voluisse,</strong></span> <span class='ocrx_word' id='word_1_970' title='bbox 1229 5075 1304 5138; x_wconf 90' lang='lat' dir='ltr'><strong>idque</strong></span> <span class='ocrx_word' id='word_1_971' title='bbox 1318 5075 1441 5126; x_wconf 88' lang='lat' dir='ltr'><strong>rereraei</strong></span> <span class='ocrx_word' id='word_1_972' title='bbox 1464 5074 1573 5125; x_wconf 81' lang='lat' dir='ltr'><strong>cessisse</strong></span> <span class='ocrx_word' id='word_1_973' title='bbox 1590 5074 1624 5124; x_wconf 89' lang='lat' dir='ltr'><strong>ut</strong></span> <span class='ocrx_word' id='word_1_974' title='bbox 1649 5073 1734 5138; x_wconf 79' lang='lat' dir='ltr'><strong>corrigi</strong></span> 
     </span>
     <span class='ocr_line' id='line_1_68' title="bbox 134 5141 1733 5208; baseline 0.003 -20"><span class='ocrx_word' id='word_1_975' title='bbox 134 5141 202 5189; x_wconf 82' lang='lat' dir='ltr'><strong>curio</strong></span> <span class='ocrx_word' id='word_1_976' title='bbox 219 5142 244 5192; x_wconf 85' lang='lat' dir='ltr'><strong>in</strong></span> <span class='ocrx_word' id='word_1_977' title='bbox 260 5143 389 5194; x_wconf 64' lang='lat' dir='ltr'><strong>mmmm</strong></span> <span class='ocrx_word' id='word_1_978' title='bbox 405 5144 498 5195; x_wconf 77' lang='lat' dir='ltr'><strong>nautas</strong></span> <span class='ocrx_word' id='word_1_979' title='bbox 517 5157 571 5195; x_wconf 73' lang='lat' dir='ltr'><strong>ease</strong></span> <span class='ocrx_word' id='word_1_980' title='bbox 588 5143 708 5208; x_wconf 83' lang='lat' dir='ltr'><strong>delatam,</strong></span> <span class='ocrx_word' id='word_1_981' title='bbox 725 5157 754 5195; x_wconf 85' lang='lat' dir='ltr'><strong>ex</strong></span> <span class='ocrx_word' id='word_1_982' title='bbox 771 5144 910 5208; x_wconf 83' lang='lat' dir='ltr'><strong>Pherecyde</strong></span> <span class='ocrx_word' id='word_1_983' title='bbox 953 5157 1026 5208; x_wconf 84' lang='lat' dir='ltr'><strong>posse</strong></span> <span class='ocrx_word' id='word_1_984' title='bbox 1038 5143 1151 5195; x_wconf 78' lang='lat' dir='ltr'><strong>nocetur</strong></span> <span class='ocrx_word' id='word_1_985' title='bbox 1164 5147 1241 5207; x_wconf 86' lang='grc' dir='ltr'><strong>μύθων</strong></span> <span class='ocrx_word' id='word_1_986' title='bbox 1257 5147 1345 5195; x_wconf 79' lang='grc' dir='ltr'><strong>ἐσθλῶν</strong></span> <span class='ocrx_word' id='word_1_987' title='bbox 1359 5145 1466 5208; x_wconf 87' lang='grc' dir='ltr'><strong>κοίρτος</strong></span> <span class='ocrx_word' id='word_1_988' title='bbox 1483 5141 1627 5206; x_wconf 65' lang='lat' dir='ltr'><strong>inaspectae,</strong></span> <span class='ocrx_word' id='word_1_989' title='bbox 1646 5141 1733 5195; x_wconf 79' lang='lat' dir='ltr'><strong>vidisti</strong></span> 
     </span>
     <span class='ocr_line' id='line_1_69' title="bbox 134 5210 1732 5280; baseline 0 -18"><span class='ocrx_word' id='word_1_990' title='bbox 134 5210 208 5260; x_wconf 70' lang='lat' dir='ltr'><strong>uadit</strong></span> <span class='ocrx_word' id='word_1_991' title='bbox 220 5213 331 5274; x_wconf 83' lang='grc' dir='ltr'><strong>λοίοοίρ.</strong></span> <span class='ocrx_word' id='word_1_992' title='bbox 341 5213 393 5265; x_wconf 80' lang='lat' dir='ltr'><strong>lib.</strong></span> <span class='ocrx_word' id='word_1_993' title='bbox 404 5226 426 5264; x_wconf 93' lang='lat' dir='ltr'><strong>c.</strong></span> <span class='ocrx_word' id='word_1_994' title='bbox 436 5219 475 5265; x_wconf 77' lang='lat'><strong>33.</strong></span> <span class='ocrx_word' id='word_1_995' title='bbox 486 5235 498 5260; x_wconf 86' lang='grc' dir='ltr'><strong>ν</strong></span> <span class='ocrx_word' id='word_1_996' title='bbox 508 5216 565 5266; x_wconf 84' lang='lat' dir='ltr'><strong>Jac.</strong></span> <span class='ocrx_word' id='word_1_997' title='bbox 575 5221 627 5266; x_wconf 79' lang='lat' dir='ltr'><strong>-t</strong></span> <span class='ocrx_word' id='word_1_998' title='bbox 636 5216 707 5280; x_wconf 84' lang='grc' dir='ltr'><strong>λάχος</strong></span> <span class='ocrx_word' id='word_1_999' title='bbox 716 5229 798 5280; x_wconf 86' lang='lat' dir='ltr'><strong>apogr.</strong></span> <span class='ocrx_word' id='word_1_1000' title='bbox 807 5219 862 5266; x_wconf 85' lang='lat' dir='ltr'><strong>Par.</strong></span> <span class='ocrx_word' id='word_1_1001' title='bbox 954 5215 1118 5279; x_wconf 86' lang='lat' dir='ltr'><strong>quideisrcere</strong></span> <span class='ocrx_word' id='word_1_1002' title='bbox 1125 5218 1224 5278; x_wconf 90' lang='lat' dir='ltr'><strong>possent</strong></span> <span class='ocrx_word' id='word_1_1003' title='bbox 1234 5217 1300 5278; x_wconf 79' lang='grc' dir='ltr'><strong>μῦθοι</strong></span> <span class='ocrx_word' id='word_1_1004' title='bbox 1309 5213 1393 5265; x_wconf 74' lang='grc' dir='ltr'><strong>ἐσθλοί.</strong></span> <span class='ocrx_word' id='word_1_1005' title='bbox 1406 5233 1417 5257; x_wconf 82' lang='grc' dir='ltr'><strong>υ</strong></span> <span class='ocrx_word' id='word_1_1006' title='bbox 1428 5212 1732 5275; x_wconf 79' lang='lat' dir='ltr'><strong>Deniqueltolsscnadlus:</strong></span> 
     </span>
    </p>
   </div>
   <div class='ocr_carea' id='block_1_8' title="bbox 0 0 1987 5952">
    <p class='ocr_par' dir='ltr' id='par_1_11' title="bbox 0 0 1987 5952">
     <span class='ocr_line' id='line_1_70' title="bbox 0 0 1987 5952; baseline 0 0"><span class='ocrx_word' id='word_1_1007' title='bbox 0 0 1987 5952; x_wconf 95' lang='lat' dir='ltr'><strong> </strong></span> 
     </span>
    </p>
   </div>
  </div>
 </body>
</html>
