3946 5952
565 450 690 510 CAPUT
709 450 745 507 V.
768 448 1048 511 Eulounmntnun
1069 447 1278 508 AMATORIA.

77 607 92 643 ς
120 582 181 644 ἀλλ’
194 581 243 636 riri
260 579 394 652 δακρύοισι
409 580 571 660 πεφυρμένος
581 585 599 658 ἢ
611 583 651 642 ’ni
664 583 803 664 Κορησσὸν

160 669 301 752 ίρχομοιιῆ
314 669 432 748 μεγάλης
443 671 504 742 νηὸν
515 673 540 737 ές
551 669 710 751 Ἀρτέμιδος.

119 761 217 842 Αὔριον
232 761 301 819 άλλδι
317 759 404 837 πάτρη
422 783 455 835 με
468 759 611 828 tautirano·
623 762 649 828 ἐς
661 761 688 820 δὲ
703 763 748 820 σδν
764 759 840 837 ὄμμα

159 849 315 926 ποήσομαι,
330 850 459 928 ἐρρῶσθαι
472 848 552 929 μυρία
567 853 591 909 α’
602 849 753 929 εὐχόμενος.

390 1035 434 1085 1⁰.
456 1025 636 1085 indutor.

117 1185 256 1267 Ἐχθαίρω
268 1185 313 1244 τὸν
324 1183 452 1262 Ἔρωτα·
467 1181 495 1240 τί
506 1181 556 1261 γάρ
571 1179 651 1261 βαρδις
664 1181 711 1239 οὐκ
725 1180 768 1238 ἐστὶ
781 1183 861 1258 θῆρας

160 1275 284 1356 ὄρνυται,
298 1274 358 1332 ἀλλ’
369 1275 410 1331 ἐπ’
427 1270 493 1348 ἐμὴν
505 1270 602 1329 ίούυλεῖ
611 1267 720 1347 κραδίην
730 1287 739 1344 ;

117 1367 158 1424 'l'i
172 1365 266 1441 πλέον,
278 1366 300 1422 εί
313 1361 369 1430 θεὸς
383 1361 464 1438 ἄνδρα
478 1357 653 1440 καταρλέγει;
664 1357 682 1429 ἢ
694 1356 719 1416 τί
733 1357 762 1417 τὸ
778 1358 871 1434 σεμνὸν

161 1454 265 1533 δῃώσας
281 1454 408 1528 ἀπ’έμῆς
422 1441 499 1509 donov
513 1448 569 1528 ίχιι
584 1449 713 1529 κεφαλῆς,

382 1616 426 1666 11.
447 1618 590 1662 ΑΔΕΣῐιον
606 1625 641 1660 ἰ.

120 1766 156 1822 lit
169 1760 230 1830 τοὺς
244 1764 272 1821 ἐν
283 1762 392 1842 πελάγει
404 1761 512 1837 σώζεις,
525 1761 628 1840 Κύπρι,
642 1762 712 1838 κάμί
734 1764 774 1820 τὀν
790 1765 814 1819 ἐν
828 1773 861 1842 gt

161 1850 294 1929 ναυαγὸν,
305 1851 396 1930 φιλίη,
410 1853 494 1909 σῶσον
511 1849 702 1927 ἀπολλύμενον.

373 2022 420 2072 12.
444 2012 655 2072 ΡΟΥΦΙΝΟΥ.

945 589 1001 650 sed,
1017 587 1125 638 lacrimis
1137 601 1233 652 semper
1247 587 1366 650 sudatus,
1382 590 1420 638 nel
1433 587 1465 638 od
1479 589 1610 638 conessum

975 675 1050 737 abeo,
1063 676 1102 726 vel
1115 689 1210 740 magum
1223 675 1255 725 ad
1267 675 1386 740 templum
1401 675 1494 725 Diana.

946 764 1006 814 Cras
1014 777 1073 813 nero
1085 763 1164 828 patria
1175 777 1215 814 me
1231 762 1345 827 recipiet,
1363 762 1396 812 ad
1408 764 1530 825 tuumque
1540 761 1640 813 oculum

978 851 1109 914 adnotabo,
1121 853 1208 903 millies
1216 852 1299 902 ualere
1312 854 1338 902 tc
1350 853 1446 916 optans.

1256 1022 1292 1067 to.
1312 1018 1423 1066 iLcAEJ.

947 1163 994 1212 Odi
1008 1168 1122 1214 Amorem
1138 1186 1144 1214 ι
1159 1166 1279 1216 curenim
1292 1165 1428 1230 iiiegravis
1440 1166 1525 1216 nonin
1539 1165 1604 1215 ieras
1630 1197 1633 1204 .

978 1252 1080 1317 ingruit,
1096 1253 1140 1304 sed
1153 1267 1236 1305 meum
1247 1254 1347 1320 sagittat
1361 1259 1419 1304 cor?

948 1337 1014 1396 Quid
1027 1351 1113 1403 porro,
1127 1341 1149 1390 si
1158 1339 1221 1390 deus
1236 1340 1319 1391 exurit
1333 1340 1481 1390 uirumiaut
1490 1339 1560 1403 quod
1571 1338 1728 1404 magnificum

979 1427 1252 1491 certaniinis-premium
1264 1427 1295 1478 de
1304 1441 1360 1479 meo
1373 1428 1450 1491 capite
1464 1427 1562 1478 devicto
1575 1425 1665 1478 habet?

1234 1599 1271 1644 li.
1293 1603 1450 1648 duonum.

948 1751 1009 1800 siin
1024 1751 1084 1800 nuri
1099 1751 1238 1816 nungentos
1252 1763 1349 1812 servas,
1361 1749 1449 1814 Cypri,
1458 1762 1498 1800 me
1514 1763 1612 1814 quoque
1625 1748 1649 1799 in
1664 1751 1727 1803 terra

978 1840 1138 1903 naufragum,
1149 1839 1240 1901 amica,
1257 1841 1488 1902 scrnopereuutem.

1259 2019 1295 2064 12.
1310 2015 1422 2064 RUFINI.

122 2171 291 2246 ιλουσάμενοι
298 2217 306 2250 ,
323 2170 438 2250 Προδίκη
448 2215 456 2244 ,
468 2171 664 2247 τυκασύιμεθα,
677 2169 775 2230 καὶτὸν
791 2171 902 2252 άκροιτυν
951 2159 1238 2235 P⁰⁸tqi¹³ffi¹²i⁰¹im¹¹⁸n
1255 2159 1372 2220 Pfflffioer
1384 2172 1536 2222 ⁰⁰¹⁰¹¹⁰¹¹i¹²¹n
1548 2163 1573 2210 θλ
1586 2174 1681 2212 mmm

167 2261 302 2337 ἕλκωμεν,
317 2258 424 2326 κύλικας
435 2259 554 2336 μείζονας
569 2259 711 2339 αἰρόμεναι.

123 2347 205 2414 Beria
216 2352 230 2406 ὁ
240 2347 383 2427 χαιρόντων
398 2346 469 2407 ἐστὶν
486 2348 552 2426 βίος·
564 2337 620 2405 εἶτα
635 2347 667 2406 τδι
682 2348 759 2406 λοιπά

162 2441 245 2516 γῆρας
261 2437 389 2508 κωλύσει,
400 2439 445 2494 καί
460 2436 489 2495 τὸ
500 2437 572 2503 τέλος
586 2436 706 2504 Θάνατος.

367 2607 411 2657 ta.
435 2599 674 2658 innotuerunt

122 2761 267 2833 ‘Einiuovrct
281 2763 351 2820 τελεῖ
365 2758 474 2839 Χαριτῶ
492 2759 682 2826 λυκαύαντίδας
697 2757 782 2838 ὥρας,

162 2853 219 2910 ἀλλ’
232 2851 273 2910 ἔτι
286 2849 405 2909 κυανέων
415 2848 503 2928 σύρμα
517 2850 589 2922 μένει
600 2849 763 2926 πλοκάμων,

121 2944 171 3010 κήν
185 2939 300 3019 στέρνοις
312 2938 353 2996 ἔτι
365 2942 440 2996 κεῖνα
453 2937 487 2996 τά
504 2937 611 3017 λύγδινα
623 2937 704 2996 κώνια
718 2939 825 3015 μαστῶν

162 3027 288 3100 ἕστηκεν,
305 3027 401 3105 μίτρης
416 3024 504 3102 γυμνδι
523 3025 726 3105 περιδρομοίδος,

120 3118 168 3175 καλ
182 3116 253 3196 χρὼς
266 3115 439 3197 ἀρρυτίδωτος
454 3113 491 3172 ἔτ’
506 3112 671 3193 άμύροσίην,
688 3113 727 3172 ἔτι
744 3111 825 3174 πειθὼ

163 3214 269 3276 πᾶσαν,
282 3204 320 3262 ta
336 3202 424 3272 στάζει
436 3203 564 3282 μυριάδας
578 3201 706 3283 χαρίτων.

119 3293 205 3354 Ἀλλά
220 3293 313 3358 πάδους
329 3295 461 3369 ὀργῶντας
472 3290 527 3349 ὅσοι
543 3289 580 3368 μὴ
594 3288 697 3371 φεύγετ’
711 3291 834 3370 ἐρασταί,

162 3383 231 3463 δεῦρ’
245 3383 301 3454 ἴτε,
315 3380 449 3454 cinciniani
465 3380 603 3457 ληθόμενοι
619 3380 733 3445 δεκάδος.

381 3555 427 3603 tt.
447 3542 655 3603 ΡΟΥΦΙΝΟΥ.

125 3705 255 3783 Εὐρώπης
272 3704 299 3756 zi
317 3703 435 3775 cippo,
446 3701 491 3760 καὶ
506 3701 538 3772 ἢν
553 3701 614 3779 ἄχρι
628 3699 727 3779 χείλεος
743 3697 823 3776 ἔλθῃ,

981 2247 1113 2308 ducamus,
1128 2247 1217 2310 pocula
1227 2247 1350 2311 capientes
1362 2247 1463 2309 majora.

949 2335 1033 2385 Brevia
1049 2335 1207 2400 gaudentium
1224 2338 1262 2387 eet
1275 2335 1340 2396 vita,
1357 2334 1413 2386 dein
1428 2337 1510 2386 cetera

981 2425 1094 2474 senectus
1109 2423 1237 2486 impediet,
1253 2427 1278 2472 et
1292 2421 1391 2473 modam
1404 2437 1480 2474 mors.

1224 2611 1260 2656 13.
1279 2608 1461 2656 PHILODEiii.

949 2772 1077 2837 Sexaginta
1092 2772 1166 2836 exigit
1180 2772 1280 2822 Charite
1295 2785 1377 2822 annua
1390 2775 1514 2835 tempora,

981 2860 1024 2910 sed
1037 2859 1119 2910 adhuc
1134 2872 1280 2922 cyaneorum
1292 2872 1374 2921 syrma
1386 2861 1469 2909 manet
1478 2860 1596 2922 crinium,

950 2950 974 2997 et
983 2948 1008 2996 in
1018 2950 1115 3010 pectore
1131 2946 1213 2996 adhuc
1224 2947 1259 2996 illi
1270 2946 1366 2996 candidi
1380 2960 1543 2996 mamnrarum
1554 2948 1609 2996 coni

980 3038 1059 3097 sumi,
1069 3035 1141 3084 mitra
1153 3034 1214 3083 nudi
1223 3033 1374 3099 ambigente3

949 3124 1063 3187 cutisque
1076 3135 1124 3172 non
1138 3134 1228 3185 rugosa
1242 3120 1324 3171 adhuc
1335 3120 1494 3184 ambrosiam,
1505 3121 1588 3171 adhuc
1596 3121 1699 3174 suadem

981 3224 1091 3273 omnem,
1102 3208 1185 3260 adhuc
1198 3208 1273 3260 stillat
1282 3209 1414 3273 gratiarum
1425 3208 1555 3272 myriadas.
1646 3209 1727 3274 [turea.

949 3299 1110 3365 ,agiteigitun
1118 3299 1241 3362 quotquot
1251 3297 1374 3361 turgentia
1382 3295 1503 3348 desideria
1517 3312 1566 3348 non
1575 3297 1659 3362 fugitis
1668 3313 1723 3350 ama

980 3387 1089 3450 ducite,
1103 3385 1178 3450 hedua
1190 3398 1311 3436 annorum
1319 3383 1419 3436 decadis
1433 3384 1514 3435 obiiti!
1789 3375 1795 3398 ²

1260 3553 1296 3600 14.
1315 3551 1427 3599 liuilni.

949 3706 1053 3765 Europa¹
1062 3701 1186 3762 osculum,
1198 3704 1223 3751 et
1232 3714 1310 3762 quum
1320 3713 1400 3764 usque
1409 3699 1441 3750 ad
1450 3699 1543 3750 labium
1555 3700 1680 3763 pervenit,

129 3801 1720 3836 W

121 3881 222 3943 Semper
237 3882 298 3924 eunt
307 3873 426 3938 lacrymae.
436 3871 513 3936 Cupio
530 3871 639 3935 perjurus
658 3866 758 3931 hebeni,

157 3961 215 4011 em
223 3957 270 4008 nisi
284 3957 367 4006 Dianae
379 3955 462 4004 iimina
471 3962 551 4002 sanctu
567 3962 633 4018 peto.

123 4041 202 4091 Patria
211 4057 251 4090 me
260 4040 372 4106 accipiet.
383 4039 449 4088 (litus
459 4036 490 4085 ad
498 4045 537 4086 tua
547 4036 628 4085 limina
639 4052 742 4093 currum,

158 4131 304 4192 Etrepetam
317 4134 413 4175 centrum
426 4121 523 4172 uocibus
530 4120 589 4171 iilud
603 4137 654 4170 aue.

445 4273 482 4304 10.
502 4270 589 4303 ALCAEI.

123 4397 165 4440 Est
175 4393 231 4439 odiu
244 4389 303 4438 mihi
320 4405 394 4438 aeuus
408 4393 493 4438 Amor.
509 4389 557 4437 Cur
566 4386 632 4435 nulla
646 4385 749 4434 ieiunum

159 4477 282 4539 Corpora,
297 4472 338 4520 sed
350 4472 403 4520 telis
412 4485 455 4520 cor
469 4469 530 4536 petit
543 4485 616 4534 usque
625 4471 722 4518 meum?

121 4557 192 4622 Quid
209 4567 257 4606 tam
269 4554 375 4620 grande,
385 4553 463 4602 uirum
472 4551 492 4600 si
501 4551 546 4601 scit
554 4551 611 4600 deuo
621 4566 699 4608 unere,
711 4549 748 4598 uei
764 4563 816 4614 qua

160 4644 287 4706 Exspecto
297 4646 379 4687 nostro
392 4634 488 4701 premia
498 4633 528 4682 de
538 4633 615 4699 capite
624 4637 635 4684 i

441 4773 479 4806 11.
496 4771 605 4803 ructuat.

122 4901 197 4950 Alma
211 4901 306 4958 Venus,
322 4909 401 4944 cervas
411 4894 431 4943 εἰ
443 4909 502 4959 quos
513 4908 578 4940 marc
586 4892 668 4957 jactat,
677 4890 765 4938 amoris

158 4982 294 5046 {daningus
305 4977 332 5030 in
343 4977 414 5029 terris
427 4977 486 5044 quin
494 4975 538 5026 tibi
548 4990 629 5024 servor
640 4977 703 5038 ego?

442 5129 481 5166 12.
504 5129 598 5163 Miniu-

124 5253 269 5312 Somnum,
281 5219 463 5308 medecinam
475 5244 575 5297 lavimus
589 5240 659 5290 ambo
667 5240 687 5306 ),
699 5253 798 5288 coronae

984 3863 1103 3927 Plenaque
1116 3861 1229 3909 ducamus
1239 3859 1336 3922 grandia
1348 3859 1416 3924 pocla
1429 3859 1498 3910 nneri.

951 3953 1044 4004 Gaudia
1060 3967 1113 4018 que
1130 3951 1221 4030 patitur
1232 3951 1281 4000 vita
1295 3960 1331 3999 est
1343 3949 1422 3999 brevia
1438 3949 1510 3998 :inde
1520 3959 1630 4000 senectam

985 4037 1102 4104 Impedit,
1118 4033 1222 4084 etliuenn
1234 4049 1297 4082 mora
1308 4033 1405 4082 inimica
1416 4031 1481 4082 iacit.

1233 4185 1272 4231 13.
1294 4196 1443 4229 nunnonnrun.

951 4344 997 4391 Sex
1009 4336 1087 4388 decies
1101 4333 1199 4386 Charito
1206 4333 1256 4398 jam
1264 4331 1361 4396 jamque
1375 4337 1497 4394 peregerat
1508 4345 1596 4382 annor:

985 4427 1015 4472 Et
1030 4433 1099 4471 tenor
1109 4426 1145 4468 est
1159 4417 1245 4482 nigre,
1255 4413 1298 4480 qui
1309 4413 1354 4461 tuit
1366 4420 1421 4461 autc
1431 4447 1438 4470 ,
1448 4426 1530 4461 comte.

952 4510 1020 4557 Stant
1033 4505 1105 4554 etiam
1121 4511 1192 4552 rectae
1203 4500 1273 4549 niveo
1285 4496 1329 4547 sub
1341 4506 1437 4562 pectore
1448 4511 1571 4556 anamma,

985 4591 1045 4639 Cum
1058 4584 1194 4651 strophium
1205 4582 1311 4636 nulium,
1325 4595 1373 4644 quo
1388 4585 1522 4632 teneantur,
1536 4575 1638 4630 liabent.

952 4675 1004 4722 Nec
1015 4685 1098 4734 rugosa
1107 4667 1167 4716 eutis
1184 4663 1347 4728 :suadelaque
1361 4660 1432 4709 durat
1448 4668 1473 4709 et
1490 4658 1538 4708 oris

985 4763 1111 4818 Ciunama,
1120 4766 1146 4807 et
1162 4754 1292 4806 innumeris
1303 4751 1386 4803 Gratia
1403 4751 1467 4800 culta
1477 4747 1545 4814 jocio.

952 4851 988 4895 Ite
999 4844 1078 4904 rudes,
1091 4842 1170 4892 nullus
1183 4855 1243 4906 quos
1251 4837 1311 4902 ignis
1322 4833 1421 4898 adussit,
1434 4842 1550 4896 amantea,

985 4928 1059 4991 Queis
1071 4925 1139 4975 facile
1151 4938 1268 4973 annorum
1279 4936 1328 4970 non
1342 4917 1477 4967 meminisse
1488 4917 1578 4966 decem.

1266 5079 1303 5128 rt.
1322 5086 1419 5120 numni.

952 5231 1057 5299 Europes
1067 5231 1177 5298 equidem
1190 5238 1245 5278 sunt
1256 5224 1335 5276 oscula
1346 5221 1435 5286 dulcia,
1448 5227 1542 5272 tautum
