3938 5950
591 460 716 522 CAPUT
735 463 798 523 vtl.
821 459 1102 524 EPIGRAMMATA
1123 461 1397 524 SEPULCRALIA.
1719 467 1777 526 373

207 593 331 670 δυομένου
348 590 457 652 Βασιλδι
471 592 581 652 κάτθανε
597 593 741 673 παρθενικὴ

165 681 303 762 σῦποχιρί·
318 681 392 750 ζώειν
408 681 472 761 γδιρ,
483 680 607 760 οἰδελρεὸν
622 682 648 738 ἐν
662 682 726 760 πυρί
741 687 827 758 θεῖσα,

205 773 253 830 οὗκ
264 768 339 840 έτλη.
354 768 470 846 Δίδυμον
485 770 507 827 δ’
521 759 590 835 οἶκος
605 770 687 828 ἐσεῖδε
702 769 782 828 κακδν

126 877 139 916 s
165 859 264 940 πατρὸς
278 857 473 937 Ἀριστίπποιο·
490 857 643 938 κατέφησεν
658 857 684 916 δέ
703 857 809 937 Κυρήνη

206 959 296 1022 πᾶσα,
307 947 351 1006 ris
367 947 485 1008 εὔτεκνον
499 952 582 1027 χῆρον
594 949 685 1008 ἰδοῦσα
700 947 789 1025 δόμον.

383 1155 385 1158 ,
424 1101 486 1151 518.
507 1104 567 1149 ΤΟΥ
586 1103 691 1150 ΔΥΓΟΥ.

1026 601 1153 653 occidente
1164 603 1245 653 Basilo
1258 603 1351 654 interiit
1361 604 1430 667 uirgo

996 703 1137 749 sua-mana3
1150 690 1233 741 vivere
1241 691 1305 741 enim
1314 730 1321 753 ,
1331 693 1462 755 postquam
1472 691 1571 741 tratrem
1581 704 1639 754 rogo
1650 691 1775 760 imposuit,

1026 793 1074 828 non
1086 778 1209 829 sustinuit.
1225 779 1354 829 seminum
1374 793 1434 830 vero
1447 779 1537 828 domus
1550 776 1611 828 aldit
1626 778 1719 829 maium
1762 831 1764 836 ,

995 866 1071 930 patris
1084 865 1214 931 Aristippi,
1225 866 1467 930 dejecitquevultum
1482 868 1576 929 cyrene

1026 955 1117 1016 omnis,
1135 955 1201 1006 illam
1213 954 1352 1005 foecundam
1360 956 1421 1018 jam
1434 954 1517 1004 orbam
1529 951 1614 1003 videns
1629 952 1741 1004 domum.

1279 1107 1333 1152 518.
1358 1109 1505 1155 Alttsnsnt.

164 1237 319 1308 ’Δστακίδην
334 1239 378 1297 τὸν
395 1240 508 1315 Κρῆτα,
529 1236 572 1294 τὸν
591 1235 713 1308 αἰπόλον,
730 1231 835 1314 ἥρπασε
849 1236 949 1312 Νύμθη
996 1248 1136 1308 Astaciden,
1153 1251 1293 1299 cretensem
1307 1248 1376 1298 illum
1387 1252 1525 1312 pastorem,
1536 1250 1617 1312 rapuit
1629 1231 1739 1315 Nympha

208 1326 236 1396 li
249 1328 331 1406 ὄρεος·
341 1327 387 1385 καί
399 1331 443 1384 νῦν
455 1325 523 1404 ἱερὸς
537 1324 702 1396 Ἀστσκέδης.

163 1416 266 1480 Ούκέτι
277 1415 433 1490 Δικταέῃσιν
447 1413 496 1472 ὑπὸ
511 1413 610 1491 δρυσίν,
625 1410 712 1471 οὐκέτι
727 1410 826 1492 Δέρνιν

206 1504 342 1580 ποιμένες,
360 1503 514 1573 ’Δστακίδην
531 1501 553 1560 δ’
568 1501 622 1558 αἰέν
640 1501 788 1578 ἀεισόμεθα.

423 1661 484 1711 519.
505 1663 565 1708 ΤΟΥ
583 1662 687 1708 Aaron.

162 1791 286 1870 Δαίμονα
298 1789 335 1856 τίς
349 1791 371 1848 δ’
386 1779 415 1848 ιθ
427 1780 479 1849 οἶδε
494 1788 538 1846 τὸν
553 1791 659 1866 αὔριον,
674 1787 751 1845 ἁνίκα
764 1784 808 1845 καί
821 1783 868 1857 σί,

207 1879 314 1958 Χοίρμι,
330 1877 373 1936 τόν
388 1879 532 1955 ὀφθαλμοῖς
545 1877 635 1956 χθιζὸν
653 1877 679 1932 ἐν
695 1873 843 1953 ἁμετέραις,

162 1976 200 2048 τᾷ
211 1965 287 2045 έτέρογ
299 1966 459 2032 κλαύσαντες
470 1966 633 2042 ἓθοίπτομενς
647 1961 730 2026 Οὐδὲν
746 1961 843 2021 ἐκείνου

206 2045 257 2112 εἶδε
269 2054 358 2132 πατὴρ
373 2056 475 2134 Διορῶν
490 2057 572 2132 χρῆμ’
590 2051 767 2131 ἀνιαρότερον.

423 2203 485 2254 520.
505 2206 565 2252 ΤΟΥ
584 2203 690 2253 Actor.

162 2333 218 2392 Ἢν
232 2331 289 2410 itta
302 2330 441 2410 Τίμαρχον
452 2332 478 2388 έν
493 2327 596 2406 Ἄϊδος,
609 2329 677 2408 όρρα
693 2328 789 2400 πύθηαι

206 2416 223 2489 ἤ
235 2441 260 2474 τι
274 2415 335 2496 περὶ
345 2419 449 2495 ψυχῆς,
462 2413 479 2485 ἢ
494 2417 560 2474 πολι
572 2419 628 2481 πῶς
644 2414 729 2486 ἔσεαι,

163 2504 281 2573 δίζεσθαι
296 2506 377 2585 φυλῆς
399 2498 592 2578 Πτολεμαίδος,
604 2502 661 2561 υίέα
671 2501 770 2580 πατρὸς

209 2591 375 2654 Ι]αυσανίου’
391 2591 461 2662 δήεις
481 2591 503 2650 δ’
519 2591 596 2650 αὐτὸν
612 2593 638 2650 έν
653 2590 789 2650 ιῦσιόέων.

425 2741 487 2793 521.
508 2745 567 2790 ΤΟΥ
586 2745 690 2790 Actor.

164 2869 280 2936 Κύζικον
292 2863 324 2937 ἢν
340 2863 433 2944 ἔλθῃς,
446 2865 531 2942 ὀλίγος
545 2865 621 2931 πόνος
634 2863 761 2924 Ἱππακδν
776 2865 859 2942 εὑρεῖν

206 2956 251 3015 καί
267 2953 401 3031 Διδύμην·
418 2953 519 3035 ἀφανὴς
534 2951 590 3011 oio
605 2952 655 3030 γὰρ
670 2957 685 3023 ἡ
701 2951 789 3030 γενεή·

162 3043 212 3104 καί
221 3067 282 3124 σριν
296 3043 400 3122 ἀνιηρὸν
412 3043 459 3118 μέν
474 3045 539 3120 ἐρεῖς
549 3039 622 3112 ἔπος,
635 3041 707 3117 ἔμπα
720 3039 746 3097 δὲ
759 3038 830 3108 λέξαι

206 3136 295 3204 τοῦθ’,
310 3130 350 3190 δτι
364 3132 409 3188 τὸν
425 3131 516 3188 κείνων
529 3123 575 3187 ὧδ’
587 3127 675 3209 ἐπέχω
693 3129 815 3207 Κριτίην.

425 3283 486 3334 522.
507 3286 566 3331 ΤΟΥ
584 3283 690 3330 ΔΥΓΟΥ.

1026 1351 1058 1388 οι
1067 1340 1163 1399 monte,
1175 1340 1199 1388 et
1214 1351 1279 1387 nnnc
1292 1351 1362 1388 sacer
1373 1337 1506 1388 Astacides.

997 1429 1049 1477 lton
1063 1426 1168 1489 amplius
1177 1426 1275 1475 Dictaeis
1292 1425 1338 1476 sab
1352 1426 1501 1490 quercubus,
1514 1440 1563 1476 non
1577 1427 1681 1491 amplius
1694 1428 1777 1491 Daph·

1029 1517 1152 1578 pastores,
1168 1513 1210 1564 sed
1224 1514 1598 1578 Astacidensempercanemus.
1634 1516 1638 1524 ‘
1714 1515 1780 1580 [uim

1276 1668 1329 1714 519.
1353 1673 1500 1717 atusnstt.

997 1797 1091 1846 Sortem
1104 1795 1160 1858 quis
1168 1795 1229 1846 berre
1241 1796 1310 1846 norit
1322 1795 1465 1856 crastinam,
1476 1794 1674 1858 qnandoquidem
1686 1798 1710 1848 et
1718 1799 1756 1860 te,
1851 1781 1855 1787 ¹

1028 1884 1152 1946 Channis,
1166 1884 1251 1935 oculos
1261 1883 1436 1948 qni-heri-eras
1448 1884 1480 1934 ob
1489 1886 1599 1944 nostras,

997 1972 1126 2023 altera-die
1135 1972 1246 2036 lugentes
1258 1972 1432 2036 sepelivimus?
1443 1972 1540 2022 Nullam
1552 1971 1592 2021 itta

1027 2060 1088 2110 vidit
1102 2063 1172 2124 pator
1184 2059 1295 2124 Diophon
1307 2073 1357 2109 rem
1370 2058 1576 2108 arumnosiorem.
1654 2116 1656 2121 ¹

1277 2207 1330 2252 520.
1353 2211 1500 2254 EJUSDEM.

997 2331 1020 2380 Si
1033 2330 1123 2394 qnaeris
1134 2328 1289 2379 Timarchum
1296 2327 1326 2377 in
1336 2326 1447 2378 Plutonis
1463 2324 1550 2385 domo,
1563 2326 1593 2375 ut
1603 2323 1689 2374 audias

1028 2417 1080 2466 site
1093 2416 1153 2480 quid
1166 2415 1198 2465 de
1214 2415 1307 2476 annno,
1320 2414 1371 2464 sive
1383 2426 1469 2464 rursus
1479 2411 1603 2475 quomodo
1617 2412 1779 2470 sis-suturas,

997 2518 1080 2568 quaere
1096 2509 1183 2555 cairam
1192 2503 1304 2554 de-tribu
1317 2501 1478 2562 Ptolemaide,
1492 2499 1569 2551 tilium
1583 2499 1659 2562 patris

1029 2592 1155 2642 Pausaniae
1169 2590 1295 2641 :invenies
1306 2593 1455 2640 autemeam
1465 2589 1490 2638 in
1501 2589 1597 2651 piorum
1610 2590 1724 2650 ropione.

1277 2731 1330 2773 521.
1354 2733 1500 2776 attisnatn.

997 2874 1112 2936 cyzicum
1127 2871 1148 2921 si
1161 2870 1263 2930 adieris,
1275 2869 1344 2933 parvi
1357 2867 1447 2932 nogotii
1459 2868 1494 2916 est
1509 2867 1644 2930 llippacnm
1658 2864 1766 2914 invertire

1028 2965 1054 3012 et
1066 2961 1185 3023 ntdprnen
1200 2979 1206 3008 :
1219 2957 1353 3008 obscurum
1365 2955 1507 3018 neutiquam
1522 2954 1585 3004 enim
1599 2953 1646 3002 hoc
1658 2967 1750 3016 geraris,

997 3053 1023 3100 et
1032 3051 1068 3100 eis
1081 3047 1177 3099 tristem
1190 3047 1291 3111 quidem
1303 3045 1370 3095 dices
1379 3057 1480 3104 vocem,
1496 3041 1539 3092 sod
1549 3045 1629 3092 mmen
1643 3041 1750 3091 edissere

1029 3137 1091 3199 hoc,
1103 3137 1212 3200 ipsorum
1220 3134 1261 3182 hic
1270 3131 1454 3183 amo-oonibort
1468 3130 1577 3181 Critiam.

1269 3277 1323 3320 522.
1355 3277 1502 3319 Etnsnslt·

164 3411 396 3489 Τιμονόη,τίςδ’“
412 3410 482 3482 έσσί;
494 3409 532 3484 μὰ
547 3406 684 3483 δαίμονας,
698 3403 727 3464 σύ
738 3404 761 3464 σ’
776 3403 807 3463 διν
823 3402 949 3483 ἐπέγνων,
998 3389 1791 3474 Timonoc,autqnaeuames?tionperdaos,nonagnovissemte,-

209 3503 232 3560 ei
246 3500 284 3577 μὴ
299 3500 429 3576 Τιμοθέου
449 3496 547 3577 πατρὸς
563 3498 626 3565 ἐπῆν
641 3495 723 3568 ὄνομα

166 3589 271 3668 στήλῃ,
284 3586 329 3646 καί
344 3586 476 3662 Μήθυμνα
489 3584 535 3654 rei,
547 3583 630 3648 πόλις.
673 3572 710 3640 Ἶί
725 3580 792 3659 μέγα
805 3580 873 3662 φημί

209 3681 291 3756 χῆρον
307 3679 428 3734 ἀνιᾶσθαι
440 3674 484 3733 σὸν
497 3671 574 3730 πόσιν
589 3669 739 3747 Εὐθυμένη.

1031 3503 1077 3553 nisi
1088 3498 1210 3550 Timothei
1224 3496 1299 3560 patris
1312 3495 1402 3544 inesset
1414 3505 1502 3542 nomen

1000 3593 1086 3656 cippo,
1096 3592 1121 3640 et
1130 3587 1272 3650 Methymna
1283 3587 1327 3634 tua
1337 3582 1405 3632 urbs.
1416 3580 1527 3630 Proiecto
1535 3577 1607 3628 valde
1620 3576 1658 3626 aio

1031 3679 1134 3729 viduum
1148 3689 1251 3726 moerere
1261 3677 1332 3724 tuum
1343 3671 1423 3721 virum
1437 3669 1622 3731 Entlrynrenem.

178 3761 1766 3809 ——u-—ae--ffl———ffl

202 3863 329 3927 virgosus
342 3861 419 3911 Basilo
434 3859 537 3909 concidit
549 3860 596 3908 icta
610 3873 681 3907 manu
696 3876 702 3908 ι

168 3950 231 3998 Nam
245 3963 294 3996 uon
306 3944 419 3995 sustinuit
434 3943 501 3993 tratri
513 3958 636 4008 superesse
649 3949 756 3990 cremato
763 3977 771 4002 ‚

204 4033 285 4094 Atque
294 4026 328 4076 ita
338 4025 455 4092 Aristippi
470 4024 506 4074 bis
520 4023 565 4073 snit
578 4023 637 4073 orba
650 4023 743 4073 domus.

167 4116 231 4163 tium
245 4127 348 4160 maerore
363 4109 428 4175 graui
441 4112 535 4175 Cyrene
550 4105 629 4156 canit
637 4105 736 4165 inanes,

203 4194 252 4258 Qui
265 4193 335 4242 niodo
350 4192 430 4241 felices
443 4191 512 4257 prole
523 4189 605 4250 inere,
614 4188 685 4237 lares.

483 4315 540 4364 518.
556 4329 672 4366 massan,

479 4423 509 4473 de
522 4421 646 4474 Astacide.

169 4541 309 4590 Cretensem
321 4535 448 4586 Astaciden
458 4533 580 4583 custodem
593 4532 618 4581 in
633 4540 715 4579 monte
725 4545 849 4596 caprarum

204 4620 316 4689 Nympha
328 4619 375 4670 sibi
388 4619 478 4685 rapuit.
489 4621 545 4668 Non
555 4616 602 4666 erit
616 4615 737 4666 Astacides

169 4703 266 4754 Dietaeis
279 4701 379 4771 posthac
391 4703 436 4752 suia
449 4701 585 4768 quercubus
601 4715 607 4749 ε
620 4715 675 4763 ergo
692 4714 803 4748 catremns

205 4793 328 4849 Putem,
341 4801 391 4836 nun
403 4795 443 4846 te,
456 4783 567 4850 Daphni,
580 4783 621 4832 sed
634 4781 769 4833 Astaciden.

466 4901 523 4964 δερ.
544 4914 659 4947 crusnam.

173 5012 245 5072 Fata,
258 5007 312 5076 quis
325 5019 361 5059 est
371 5007 510 5067 hominnm,
526 5003 593 5054 norit
605 5005 646 5070 qni
659 5003 775 5059 crastina,
792 4998 911 5052 Charmii

207 5091 231 5141 Si
245 5101 285 5154 te,
296 5107 367 5158 quem
381 5091 483 5158 populus
494 5087 596 5138 vidimus
608 5086 686 5138 omnis
701 5083 772 5148 heri,

173 5175 244 5224 lianc
257 5173 341 5224 flemus
354 5183 472 5237 temque
483 5171 566 5221 damin
584 5185 591 5221 ε
608 5170 641 5219 nil
653 5178 762 5233 tempore
775 5175 841 5217 tanto

209 5255 310 5323 Aspexit
320 5255 435 5323 Dioplron
447 5266 495 5305 tam
507 5251 553 5301 sibi
568 5252 636 5302 triste
650 5260 728 5318 pater.

1298 3849 1354 3894 520.
1372 3860 1489 3892 εισιιιιιιι.

998 3981 1112 4047 Quisquis
1124 3980 1148 4029 in
1160 3978 1254 4027 interna
1262 3973 1416 4024 Timarchum
1429 3971 1484 4020 sede
1496 3970 1615 4034 requiris,

1035 4068 1065 4114 Ut
1078 4063 1167 4120 discas,
1180 4060 1273 4109 artimus
1282 4056 1340 4122 qnid
1352 4054 1398 4112 sit,
1412 4061 1436 4101 et
1450 4068 1480 4100 an
1493 4051 1576 4100 redeas
1591 4066 1597 4099 :

1000 4147 1112 4198 Pausania
1127 4146 1157 4194 de
1170 4153 1236 4210 patre
1251 4141 1316 4190 triba
1331 4135 1475 4187 l‘tcietnaidc
1489 4151 1595 4198 quaerens

1034 4229 1159 4289 tnaeniea,
1172 4226 1265 4276 habitat
1278 4241 1330 4289 qliae
1343 4221 1381 4287 pia
1391 4219 1461 4270 turba
1470 4255 1477 4275 ,
1487 4218 1553 4267 locis.

1295 4354 1352 4402 ὅτι,
1376 4365 1492 4397 masuam.

1001 4482 1125 4546 Hipponous
1137 4486 1162 4526 et
1174 4475 1308 4541 Didymon,
1325 4473 1404 4524 uenias
1416 4472 1436 4521 si
1449 4470 1550 4536 Cyzicon
1565 4466 1665 4525 arr-bem,
1707 4453 1710 4458 ¹

1034 4567 1119 4628 Qntere
1130 4575 1214 4629 precor
1228 4574 1236 4609 2
1250 4558 1340 4607 clarum
1356 4554 1471 4605 nronslPat
1481 4561 1610 4616 utrumqne
1621 4563 1702 4612 genus.

1001 4649 1072 4698 Dices
1082 4647 1147 4696 triste
1159 4645 1254 4712 qnidam
1263 4681 1270 4706 ,
1280 4643 1320 4691 sed
1335 4642 1389 4700 dic,
1403 4654 1459 4702 rogo
1475 4653 1481 4687 :
1495 4635 1557 4684 salins
1571 4633 1617 4681 illis

1034 4730 1082 4795 Qui
1098 4729 1175 4779 inierat
1188 4727 1290 4788 Critias,
1301 4725 1365 4776 Ιιιιιιο
1379 4739 1422 4786 agn
1434 4736 1498 4769 rnmc
1513 4716 1601 4766 habco.

1295 4863 1351 4911 5ου.
1372 4873 1490 4906 sansacu.

1002 4996 1117 5046 Timonoc
1131 5010 1184 5060 qnae
1195 5002 1221 5042 tn
1231 4996 1242 5042 i
1252 4994 1306 5042 Non
1318 4998 1342 5038 te
1350 5023 1356 5047 ,
1365 5002 1408 5053 per
1418 4983 1535 5042 nirnrina,
1549 4995 1652 5040 nossem,

1035 5077 1156 5129 Timothei
1172 5091 1259 5126 nomen
1275 5073 1300 5122 ni
1316 5071 1390 5138 patris
1403 5068 1551 5134 aspicerem,

1003 5162 1215 5228 Methymnamqne
1226 5156 1296 5208 simul
1308 5153 1408 5221 patriam
1421 5150 1467 5200 laon
1477 5149 1501 5197 in
1514 5142 1755 5196 incimmemmaum

1033 5244 1082 5293 Vir
1096 5253 1151 5294 tutis
1158 5239 1320 5307 Enthymenes
1331 5235 1389 5292 liar,
1404 5232 1468 5292 scio,
1486 5235 1562 5278 morte
1575 5226 1649 5277 dolet.
