3946 5952
249 454 318 515 xxiv
929 451 1184 512 CORRIGENDA.

254 591 365 682 βοίνχῳ
382 603 418 657 et
433 586 563 681 οἵοιμητον
577 591 685 682 νέκταρ
696 583 837 654 λείίων
867 587 927 654 ἀπὸ
953 579 1116 657 στολίδων.
1135 587 1212 653 lmo
1231 597 1336 680 poeta
1365 595 1478 652 vestes
1494 581 1586 654 adeo
1601 581 1762 654 madidas
1777 585 1863 655 vino

251 711 369 806 fingit,
404 725 444 780 ut
469 731 577 779 manu
601 708 715 779 sicubi
738 732 796 778 eas
816 709 970 803 tetigerit
997 713 1181 778 Anacreon
1205 706 1391 804 imposita,
1418 707 1632 804 exprimeret
1661 723 1785 784 nectar
1806 709 1863 780 vel

251 833 385 902 faceret
401 845 440 901 ut
462 845 584 901 nectar
598 829 813 920 destillaret,
831 831 933 901 sicuti
950 830 1020 901 mel
1042 829 1195 900 destillat
1214 853 1257 899 ex
1279 830 1392 926 κηρίοις
1411 825 1606 923 θλιὸσμίνοις.
1632 832 1719 899 Nam
1740 845 1864 926 aperte

251 953 439 1052 respicitur
457 953 518 1050 (de
540 979 614 1050 quo
636 953 906 1025 admonendum
928 953 1017 1048 erat)
1031 953 1208 1024 Thracum
1230 976 1307 1022 mos
1323 951 1530 1046 singularis,
1552 975 1659 1047 quem
1673 951 1729 1022 his
1744 953 1863 1024 verbis

252 1078 368 1172 tetigit
388 1077 489 1148 Plato
512 1104 520 1146 ι
543 1081 656 1148 Σκύθαι
672 1079 723 1146 καὶ
745 1085 857 1173 Θρᾷκες
874 1079 1030 1172 ἀκράτῳ
1056 1078 1237 1146 παντάπασι
1259 1081 1427 1172 χρώμενοι,
1453 1081 1592 1172 μυναῒιιές
1621 1077 1730 1146 τεκαὶ
1753 1082 1860 1164 αὐτοὶ,

254 1201 307 1270 καὶ
338 1203 442 1270 κατὰ
471 1211 544 1270 τῶν
579 1203 746 1295 ἱματίων
773 1204 1064 1296 καταχεόμενοι
1096 1203 1190 1269 καλὸν
1212 1201 1267 1268 καὶ
1296 1196 1438 1294 εὔδαιμον
1460 1196 1654 1294 ἐπιτήδευμα
1676 1195 1863 1277 ἐπιτηδεύειν

253 1327 451 1419 νενομίκασιν.
479 1295 519 1393 ίιι
539 1347 578 1393 re
595 1323 726 1394 Graecis
750 1323 918 1394 omnibus
939 1338 1023 1394 nota
1049 1323 1253 1421 Xenophon
1276 1321 1413 1418 (Anah.
1443 1325 1517 1411 VII,
1539 1322 1574 1412 3,
1596 1325 1615 1416 §
1638 1321 1730 1419 32):
1755 1313 1863 1394 ὀΣὲύ-

250 1452 304 1526 6ης
323 1448 476 1531 συνεξέπιε
499 1447 552 1514 καὶ
579 1440 905 1515 αατεσκεδιίσατο
938 1445 1016 1540 μετὰ
1038 1459 1129 1516 τοῦτο
1149 1451 1185 1516 τὸ
1202 1451 1299 1542 κίμας,
1316 1447 1421 1533 Quod
1440 1447 1489 1516 sic
1514 1445 1667 1543 explicat
1687 1447 1859 1518 Photlus:

253 1574 317 1649 ἔθος
336 1571 371 1645 ἦν
396 1573 525 1666 Θρᾴκιον
540 1575 569 1638 ἐν
590 1580 652 1649 τοῖς
672 1572 848 1664 συμποσίοις
868 1574 936 1657 ἵνα,
962 1575 1038 1638 ὅταν
1053 1574 1148 1640 πίωσι
1162 1584 1216 1640 τοῦ
1228 1571 1307 1640 οἴνου
1323 1575 1353 1638 οἱ
1370 1573 1523 1664 συμπόται
1548 1577 1614 1639 ὅσον
1637 1564 1804 1659 δύνανται,
1826 1577 1862 1640 τὸ

252 1697 362 1763 λοιπὸν
381 1708 435 1763 τοῦ
458 1697 539 1763 οἴνου
564 1699 740 1787 καταχέωσι
766 1694 847 1764 κατὰ
869 1706 930 1763 τῶν
965 1697 1096 1789 ἱματίων
1112 1708 1172 1767 τῶν
1193 1708 1370 1790 συμποτῶν·
1396 1702 1467 1790 ὅπερ
1491 1699 1595 1792 ἔλεγον
1611 1693 1820 1766 κατασαεδ
1831 1699 1864 1764 σί-

253 1814 338 1897 ζειν.
354 1816 491 1885 Deinde
510 1831 771 1901 commemorat
788 1816 887 1888 locos
906 1815 1157 1913 Xenophontis
1170 1834 1206 1888 et
1222 1817 1396 1908 Platonis,
1414 1821 1547 1913 Legi,
1567 1842 1604 1914 p.
1624 1815 1709 1914 637,
1732 1822 1772 1888 E.

301 1935 469 2032 Ejusdem
492 1938 619 2034 capitis
638 1938 750 2034 epigr.
774 1942 819 2023 da
837 1938 883 2008 de
898 1962 1000 2008 versu
1017 1954 1147 2034 quarto
1163 1940 1314 2011 Meinek.
1334 1941 1370 2010 in
1390 1939 1526 2030 Gallim.
1547 1965 1584 2037 p.
1605 1945 1725 2010 XXII:
1747 1945 1862 2014 «Non

251 2059 363 2128 credo
382 2060 628 2155 turpissimum
654 2060 793 2131 hiatum
813 2061 995 2132 admisisse
1015 2057 1248 2160 perelegantis
1272 2065 1441 2135 carminis
1463 2078 1666 2160 auctorem,
1692 2067 1755 2163 qui
1780 2071 1866 2138 scri·

255 2184 346 2280 psit,
363 2162 506 2278 opinor,
524 2185 604 2276 ἀμφὶ
623 2185 687 2252 καὶ
707 2187 891 2274 ἀθανάτους,
908 2189 987 2280 ἀμφὶ
1007 2187 1071 2255 καὶ
1083 2191 1232 2282 ἡμιθέους.
1250 2223 1262 2247 ν

303 2311 342 2375 ln
370 2304 561 2374 Plrilodemi
588 2305 643 2375 vel
664 2313 867 2400 Argenturii
888 2309 1160 2406 epigrammate,
1182 2313 1240 2399 VI,
1263 2335 1320 2409 ep.
1346 2310 1432 2402 246,
1457 2337 1491 2382 r.
1518 2337 1556 2402 2,
1576 2312 1651 2408 jam
1670 2312 1746 2385 haec
1771 2315 1865 2387 habe

256 2428 489 2500 Loheclsianis
508 2431 672 2501 certiora.
705 2436 830 2502 Narrat
852 2435 1021 2523 Conzius,
1047 2437 1144 2504 Ileise
1159 2435 1301 2530 uusden
1316 2438 1430 2506 Inseln
1453 2437 1513 2506 des
1536 2438 1749 2508 tirralrisclren
1768 2445 1864 2511 Mee-

257 2579 312 2624 res
330 2551 535 2650 (Hannon,
562 2554 697 2651 1860),
717 2582 752 2654 p.
775 2557 846 2628 28:
871 2589 886 2624 ο
909 2564 989 2646 Quo
1012 2559 1168 2631 vehebar
1190 2560 1307 2631 mulus
1331 2562 1473 2632 sacculo
1498 2564 1661 2635 coriaceo
1685 2563 1865 2638 inclusum

256 2677 401 2747 dentem
417 2677 489 2747 suis
507 2676 559 2747 vel
579 2680 656 2775 apri
681 2679 717 2748 in
738 2679 855 2752 fronte
874 2683 1051 2778 gestabat;
1077 2685 1237 2778 agagiota
1255 2700 1373 2756 autem
1391 2711 1490 2757 meus
1511 2687 1588 2757 sine
1610 2688 1681 2760 hoc
1707 2689 1866 2762 amuleto

258 2801 473 2871 moriturum
498 2824 571 2872 esse
585 2802 790 2896 jumentum
806 2806 899 2877 serio
922 2807 1121 2878 affirmabat
1137 2806 1251 2921 (χιξομς
1265 2813 1339 2879 αὐτὸ
1363 2813 1515 2880 ἀπεθαίνει
1538 2815 1573 2880 τὸ
1586 2811 1750 2907 χαϊίσίνι);
1776 2813 1866 2886 tales

257 2923 419 2994 sacculos
443 2923 531 2994 mala
551 2943 828 2999 averruncantes
852 2929 929 3000 heri
956 2931 1265 3032 Constantinopoli
1285 2949 1320 3005 et
1342 2935 1379 3005 in
1399 2934 1484 3005 alias
1507 2941 1669 3032 regiones
1693 2938 1777 3009 inde
1802 2963 1863 3009 cx·

132 3057 137 3080 “
257 3048 406 3144 portari.
435 3051 521 3134 Quae
539 3045 752 3146 :superstitio
773 3051 871 3124 haud
891 3053 1001 3126 duhie
1019 3056 1165 3153 antiqua
1193 3083 1340 3154 prorsus
1359 3059 1468 3130 refert
1490 3059 1591 3130 illurn
1608 3067 1638 3131 ἐν
1653 3068 1787 3158 στέρνοις
1807 3069 1862 3134 κό-

256 3198 331 3264 σμον
354 3163 628 3267 ὀδοντοφόμον,
651 3172 696 3244 de
722 3199 795 3271 quo
824 3175 1001 3248 videndus
1016 3184 1103 3250 Otto
1126 3181 1217 3250 Jahn
1243 3183 1281 3252 in
1310 3183 1489 3252 Berichten
1508 3183 1570 3254 der
1584 3186 1706 3256 saects.
1730 3189 1862 3257 Gerell-

254 3293 378 3384 selnrst.
399 3294 461 3364 der
479 3298 586 3367 Wiss.
606 3320 651 3366 zu
667 3301 822 3394 Leipzig,
850 3297 953 3390 1855,
974 3327 1009 3398 p.
1029 3308 1089 3393 da,
1109 3319 1186 3376 not.
1210 3305 1268 3391 48.
1289 3335 1306 3370 υ

304 3415 471 3508 Ejusdem
495 3442 575 3516 cap.
594 3399 641 3490 v't
656 3421 911 3516 epigrammate
937 3449 1015 3514 120,
1032 3453 1066 3498 v.
1095 3427 1130 3519 8,
1151 3428 1250 3525 quod
1273 3428 1393 3500 Codex
1412 3429 1546 3527 praebet
1566 3437 1724 3504 αὐλοθετεῖ
1741 3450 1864 3508 tuetur

257 3542 493 3624 tiermannus‚
512 3538 651 3610 collatis
666 3536 841 3625 ἀοιδοθίτης
860 3561 895 3616 et
910 3551 1085 3643 ὑμνοθέτςς,
1107 3577 1223 3648 neque
1238 3552 1434 3622 Minervam
1449 3555 1593 3626 musicis
1606 3558 1864 3631 certaminibus

255 3657 443 3754 praesidere
461 3675 496 3731 et
511 3664 704 3755 ἀθλοθετεῒν,
722 3665 783 3737 sed
802 3667 1017 3764 Apollinem.
1036 3673 1136 3745 Idem
1155 3679 1380 3746 Hernrannus
1397 3676 1435 3747 in
1455 3677 1580 3774 capitis
1601 3681 1628 3746 V
1648 3680 1760 3776 epigr.
1778 3683 1863 3776 206,

255 3809 290 3856 V.
315 3809 346 3875 1,
368 3802 464 3857 recte
482 3787 684 3860 observavit
698 3799 866 3874 saraborc<
882 3819 955 3866 esse
963 3816 1142 3892 prouectas
1151 3815 1266 3884 celate,
1281 3826 1355 3870 non
1374 3826 1570 3899 «proceras
1584 3829 1738 3903 corpore
1755 3837 1772 3872 ν
1787 3863 1796 3898 ,
1811 3809 1865 3879 uti

190 3949 192 3954 -
255 3905 443 3977 vertebant
459 3908 599 3981 Jacobs.
621 3927 656 3982 et
675 3914 934 3988 Boissonadius.

304 4031 433 4128 Capitis
446 4038 552 4126 primi
571 4034 608 4103 in
629 4037 739 4133 epigr.
764 4063 804 4134 7¹
828 4039 1058 4114 scribendum
1071 4060 1124 4115 est
1147 4071 1230 4117 cum
1245 4047 1407 4119 Heckero
1425 4075 1461 4146 p.
1486 4049 1550 4120 116
1569 4078 1576 4120 :
1595 4059 1678 4145 Εὐχή
1699 4050 1865 4123 Ἐλισσαίου

255 4167 307 4223 Σω
317 4182 367 4248 μα
377 4183 392 4223 ν
402 4154 413 4222 ί
419 4151 439 4223 d
445 4187 454 4224 ι
475 4153 523 4237 δὶς
536 4187 625 4256 reaper
643 4161 720 4250 υἱόν,
737 4187 805 4259 pro
827 4166 991 4238 vocativo
1006 4167 1098 4240 male
1118 4184 1285 4267 correpto
1306 4173 1470 4266 Σωμανίτι.

304 4278 391 4348 Sero
415 4278 571 4351 vidimus
590 4307 669 4379 quae
687 4310 792 4382 supra
812 4313 850 4385 p.
872 4293 993 4378 XVIII,
1017 4289 1054 4380 b,
1076 4290 1122 4362 de
1143 4297 1305 4386 Diogenis
1326 4299 1453 4366 Laertii
1472 4298 1769 4395 epigrammatum
1788 4300 1863 4398 syl-

255 4397 335 4492 loge
350 4397 444 4471 dicta
464 4418 548 4473 sunt
558 4405 632 4499 jam
646 4425 806 4480 correcta
821 4411 925 4482 luisse
945 4437 966 4482 a
986 4414 1203 4487 Benndorlio
1223 4415 1295 4512 (De
1311 4418 1533 4516 Anthologiae
1549 4447 1600 4517 gr.
1623 4424 1863 4522 epigramma·

255 4521 301 4589 tis
315 4521 360 4591 ad
377 4538 469 4594 artes
488 4529 751 4626 spectantibus)
768 4558 803 4629 p.
823 4533 883 4622 34,
899 4531 957 4606 36.
976 4540 1110 4610 Omnes
1130 4540 1306 4638 siquidem
1321 4544 1550 4639 neglexerant
1564 4549 1673 4645 ipsius
1693 4551 1863 4645 Diogenis

255 4642 365 4713 verba
383 4647 411 4732 I,
431 4644 529 4744 §39,
541 4655 692 4744 primum
712 4654 821 4725 modo
841 4656 964 4728 librum
984 4663 1102 4757 operis
1117 4675 1179 4734 τῶν
1200 4671 1458 4763 ἐπιγραμμάτων,
1477 4677 1591 4768 inquo
1606 4673 1694 4743 libro
1715 4681 1787 4771 ipse
1806 4675 1862 4743 lo-

254 4773 374 4863 quitur
387 4766 495 4862 (ibid.
515 4773 534 4863 §
553 4770 655 4867 63)a
679 4778 865 4872 Ποίμμετρος
881 4782 1092 4881 inscriptum
1110 4786 1215 4858 luisse
1234 4793 1409 4864 testantis.
1429 4795 1530 4866 Unde
1548 4795 1629 4891 jure
1649 4822 1715 4868 suo
1744 4797 1865 4869 effecit

257 4889 495 4963 Benndorsrus
521 4925 538 4959 ιι
561 4896 598 4966 ίιι
617 4899 764 4996 reliquis
788 4902 887 4975 libris
912 4909 1058 4978 aliorum
1086 4911 1233 4984 infuisse
1258 4931 1446 5011 poetarum
1466 4921 1720 5017 epigrammata
1746 4946 1866 5018 neque

256 5011 327 5082 ulla
347 5013 515 5108 Diogenis
533 5016 658 5114 ipsius.
679 5051 696 5086 ν
711 5027 787 5094 Jarn
798 5051 909 5122 quum
924 5047 1052 5125 praeter
1071 5057 1110 5103 ea
1131 5036 1259 5129 quaein
1281 5038 1377 5108 Vitas
1397 5039 1696 5140 philosophorum
1716 5067 1864 5140 recepe·

254 5145 306 5200 rat
332 5157 413 5226 sua,
441 5160 619 5234 perpauca
645 5143 898 5240 epigrammata
929 5153 1151 5250 Anthologiae
1174 5175 1304 5229 sonent
1330 5162 1548 5258 Diogenem,
1576 5164 1692 5236 videri
1723 5178 1866 5262 poterat

253 5253 424 5352 Cephalas
446 5260 606 5332 Vitarum
627 5287 737 5362 opere
758 5269 835 5342 solo
850 5297 925 5346 esse
945 5301 1045 5367 usus,
1063 5278 1161 5377 quod
1186 5305 1282 5353 nunc
1302 5309 1375 5354 non
1394 5300 1524 5381 potest.
