3946 5952
523 441 526 448 ‘
597 424 720 486 CAPUT
740 430 762 485 l.
784 423 1011 486 baalsalisa
1029 421 1322 484 ἙΡΙΘΗΑΜΜΑΤᾹ.

119 573 133 610 t
161 552 230 613 ’liet
245 553 296 632 γὰρ
311 540 383 620 αὖθις
397 553 509 632 Χριστὸς
521 555 693 632 είκονισμένος

159 643 261 716 λάμπει
276 641 340 720 πρθς
354 639 417 720 ίίψος
432 645 478 712 τῆς
491 642 618 721 καθέδρας
632 648 678 702 τοῦ
692 643 820 723 κράτους,

159 732 204 787 καὶ
218 728 266 796 τὰς
279 730 413 808 σκοτεινὰς
424 727 535 808 αἱρέσεις
547 729 694 810 ἀνατρέπει.

157 821 217 888 Τῆς
232 817 333 878 εἰσόδου
347 817 370 878 δ’
381 816 501 898 ὕπερθεν,
514 821 549 885 ὡς
562 817 617 877 θεία
626 819 710 893 πύλη,

159 908 381 987 στηλογραιρεῑται
393 906 437 965 καί
450 905 561 986 ρύλαξὴ
577 905 728 986 Παρθένος,

108 1007 133 1046 ιο
159 991 224 1061 ἅναξ
235 991 262 1050 δὲ
278 992 324 1050 καί
337 992 402 1073 πρόε
420 1015 461 1071 ρος
472 995 506 1058 ὡς
521 994 696 1071 πλανοτρόποι

160 1078 207 1139 σὺν
220 1088 274 1146 τοῖς
287 1089 419 1159 συνεργοῖς
432 1084 595 1160 ἱστοροῦνται
609 1081 730 1153 πλησίον·

160 1169 248 1250 κύκλῳ
262 1168 289 1229 δέ
305 1169 404 1236 παντὸς
418 1159 460 1228 οία
476 1169 581 1248 φρουροὶ
595 1175 640 1228 τοῦ
655 1169 752 1247 δόμου,

159 1256 228 1330 νόες,
243 1256 378 1334 μαθηταὶ,
392 1257 536 1337 μάρτυρες,
549 1257 673 1328 θυηπόλοι
681 1303 692 1329 ,

160 1341 217 1402 όθτν
231 1345 365 1420 καλοῦμεν
378 1343 601 1424 χριστοτρίκλινον
614 1343 681 1418 νέον,

110 1429 137 1482 ib
159 1430 204 1490 τθν
218 1431 279 1514 πρίν
290 1430 409 1510 λαχόντα
423 1430 541 1503 κλήσεως
550 1432 739 1512 χρυσωνύμου,

159 1525 194 1588 ὡς
207 1521 251 1581 τὸν
266 1521 355 1601 θρόνον
370 1521 464 1601 ἔχοντα
479 1523 594 1602 Χριστοῦ
609 1521 713 1600 κυρίου,

160 1612 275 1690 Χριστοῦ
289 1611 316 1670 δὲ
332 1609 447 1690 μητρός,
460 1609 676 1689 χριστοκηρύκων
687 1609 797 1684 τύπους,

159 1697 205 1756 καὶ
219 1703 264 1756 τοῦ
277 1703 421 1778 σορουργόῦ
437 1697 549 1776 Μιχαὴλ
563 1698 610 1769 τὴν
626 1697 722 1760 εἰκόνα.

988 565 1049 612 Ecce
1062 561 1127 611 euim
1137 561 1217 612 denuo
1228 561 1341 612 Christus
1351 561 1591 629 imagineenpressus

988 651 1065 715 iulget
1077 650 1101 700 in
1113 651 1315 714 superiore-parto
1324 650 1406 702 tirou
1422 653 1566 718 imperialis,

986 741 1011 789 et
1021 737 1151 802 caligantes
1159 737 1265 790 haereses
1274 737 1385 802 dissipat.

986 825 1090 877 introitu
1103 828 1187 877 autem
1198 840 1280 890 super,
1291 827 1359 878 velut
1370 826 1451 878 divina
1460 829 1544 892 porta,

987 911 1114 964 exhibetur
1123 916 1148 964 et
1159 917 1244 964 custos
1257 913 1340 978 Virgo,

986 1003 1117 1067 imperator
1126 1018 1185 1055 sero
1193 1017 1227 1055 ao
1239 1017 1331 1068 pruses
1342 1006 1370 1055 ut
1383 1003 1612 1056 erroris-dormieres

986 1105 1044 1142 eum
1055 1091 1128 1143 sociis
1139 1091 1219 1156 operis
1230 1093 1524 1158 repraesentanturjunta3

987 1178 1101 1242 circaque
1111 1178 1189 1229 tutius
1201 1179 1270 1229 velut
1279 1178 1394 1230 custodes
1404 1179 1506 1240 domus,

986 1265 1101 1329 spiritus,
1112 1266 1237 1329 discipuli,
1249 1269 1380 1329 martyres,
1391 1265 1543 1329 sacerdotes,

986 1351 1052 1404 unda
1060 1366 1178 1404 vocamus
1188 1351 1422 1404 obmutuerintum
1431 1365 1524 1402 norum

986 1439 1053 1506 quon
1062 1441 1130 1506 p'rius
1140 1441 1245 1492 obtinuit
1254 1441 1438 1506 appellationem
1446 1439 1478 1491 ab
1486 1439 1658 1504 ami-nomine,

987 1527 1056 1578 velut
1065 1526 1181 1577 tbmnum
1193 1526 1379 1590 quod-possidet
1388 1526 1479 1578 Christi
1489 1527 1594 1590 domiui,

988 1616 1127 1682 Christique
1138 1618 1236 1680 matris,
1250 1615 1341 1670 christi
1353 1631 1495 1682 praeconum
1503 1622 1582 1682 typos,

987 1709 1012 1758 et
1024 1707 1256 1770 sapientissuctoris
1266 1706 1391 1758 Michaelis
1400 1708 1536 1772 imagInem.

325 1843 378 1890 tot.
396 1839 436 1895 Et<
444 1839 484 1888 τθν
494 1838 565 1888 αὐτόν
575 1838 774 1903 χρυσοτρίκλινον.
1146 1848 1191 1893 toi.
1206 1850 1233 1892 ln
1242 1846 1303 1892 idsru
1312 1849 1532 1903 Chrysotrictinimn.

158 1962 206 2028 Ὡς
219 1963 269 2034 τὴν
281 1962 389 2045 ρατινὴν
398 1961 473 2031 ἀξίαν
483 1965 529 2032 τῆς
544 1961 640 2030 εἰκόνος

158 2053 207 2120 τῆς
218 2048 282 2127 πρίν
294 2051 438 2130 φυλάττων,
453 2048 567 2128 Μιχαὴλ
581 2049 764 2130 αὐτοκράτωρ,

161 2139 267 2217 κρατοῦν
277 2160 305 2196 τε
320 2137 422 2198 πάντων
435 2141 568 2217 σαρκικῶν
578 2136 765 2215 μολυσμάτων,

988 1971 1021 2021 Ut
1030 1969 1184 2034 splendidum
1192 1969 1310 2022 honorem
1318 1971 1430 2036 imaginis

987 2041 1097 2120 umtina
1108 2071 1267 2120 conservans,
1280 2056 1384 2108 blinbael
1392 2057 1531 2121 imperator,

987 2143 1115 2210 victorque
1125 2145 1236 2196 omnium
1248 2144 1382 2196 carnutum
1390 2147 1554 2208 macularum,

988 2235 1149 2298 representas
1157 2235 1183 2285 et
1191 2231 1289 2298 pictura
1298 2233 1443 2296 bominum,

988 2318 1413 2400 reconfirmansrerbadogmatnm.

163 2222 320 2294 ίξτυιονίζεις
334 2225 378 2284 καὶ
389 2229 477 2306 γραρῇ
488 2225 533 2284 τθν
544 2224 685 2300 δεσπότην,

162 2312 231 2392 ἔργῳ
244 2312 378 2392 κρατύνων
392 2310 452 2377 τοῦς
462 2311 555 2390 λόγους
568 2315 620 2371 τῶν
633 2312 781 2390 δογμάτων.

365 2453 417 2503 108.
427 2451 564 2502 ’Δδέσποτον
574 2451 606 2508 είς
614 2452 653 2501 τδν
663 2451 742 2512 Ἀδάμ.
1213 2463 1259 2506 iba.
1276 2463 1420 2516 anonymum
1432 2460 1455 2505 in
1467 2461 1546 2506 Adam.

159 2576 199 2642 Οὐ
215 2572 308 2654 σοφίης
322 2573 465 2633 ἀπάνευθεν
480 2573 565 2650 Ἀδθμ
575 2571 606 2632 τθ
617 2572 678 2652 πρίν
691 2573 824 2644 ἐκαλεῖτο,

159 2661 274 2742 τέσσαρα
287 2662 426 2742 γράμματ’
439 2659 508 2742 έχων
521 2663 556 2727 εἰς
566 2658 682 2740 τέσσαρα
694 2659 810 2738 κλίματα
822 2657 922 2737 κόσμου

159 2746 244 2830 'libus
257 2749 310 2830 γθρ
325 2749 445 2821 άντολίης
457 2749 560 2829 ἔλαχεν·
571 2747 667 2816 δύσεως
678 2746 706 2808 δέ
717 2747 747 2806 τθ
757 2746 859 2820 Δέλτα,

159 2837 245 2920 Ἄλφα
257 2840 339 2897 πάλιν
354 2839 377 2897 δ’
389 2840 509 2917 ἄρκτοιο,
522 2835 689 2916 μεσημόρίης
699 2834 727 2895 δέ
736 2834 766 2895 sb
776 2833 874 2894 λοιπόν.

989 2585 1042 2634 Non
1053 2585 1146 2647 absque
1155 2583 1274 2651 sapientia
1282 2583 1359 2638 niam
1368 2583 1426 2634 olim
1435 2586 1539 2634 vocatus
1549 2583 1609 2646 iuit,

988 2674 1095 2736 quatuor
1105 2672 1187 2725 literas
1198 2671 1291 2724 habens
1301 2671 1333 2722 ad
1342 2674 1449 2735 quatuor
1462 2672 1560 2722 rimata
1568 2674 1655 2724 muudi
1668 2689 1675 2719 ι

989 2759 1068 2824 Αίρίια
1078 2761 1141 2812 entim
1154 2761 1185 2811 ab
1194 2763 1250 2812 ortu
1260 2760 1377 2823 obtinuit,
1388 2774 1477 2811 occasu
1486 2775 1545 2812 roro
1554 2763 1638 2826 Delta,

989 2848 1116 2914 Alphaque
1125 2863 1212 2901 rursus
1221 2849 1253 2899 ab
1263 2863 1334 2911 ursa,
1347 2849 1378 2899 ab
1387 2848 1556 2900 meridianem
1565 2851 1691 2914 reliquam.

418 2991 484 3042 109.
507 2981 619 3041 ΙΓΝΑΤ
623 2980 686 3040 1οΥ
1284 3009 1336 3057 109.
1353 3007 1473 3055 {GNATII

1222 3117 1322 3172 ttagtstri
1331 3119 1538 3172 grammaticorum.

1177 3197 1202 3238 tn
1214 3196 1330 3240 eeclesiam
1341 3195 1441 3251 nelparae
1450 3196 1479 3240 ad
1492 3194 1584 3242 iontem

325 3119 368 3164 τοῦ
381 3115 530 3178 Μαγίστορος
541 3120 589 3164 τῶν
600 3117 779 3178 γραμματικῶν.

227 3187 266 3241 ai<
274 3186 313 3236 τὸν
322 3187 378 3236 ναὸν
387 3191 428 3245 τῆς
440 3185 555 3247 παναγίας
568 3187 685 3236 θεοτόκου
697 3187 728 3242 είς
742 3186 783 3243 τὴν
797 3184 882 3248 πηγήν.

166 3319 308 3380 Πτωθέντα
320 3320 416 3396 κοσμεῖ
430 3318 472 3378 τὸν
485 3318 545 3377 ναὸν
559 3323 607 3391 τῆς
623 3317 758 3395 Παρθένου

165 3407 300 3475 Βασίλειός
313 3431 343 3466 τε
357 3405 404 3466 σῦν
419 3405 609 3487 Κωνσταντίνυρ
621 3403 707 3466 Λέων.

225 3551 277 3599 ito.
294 3549 335 3605 st<
343 3548 383 3598 τδν
396 3548 466 3598 αύτθν
475 3551 508 3605 εἰς
518 3549 558 3598 τόν
567 3549 685 3611 τροῦλλον,
696 3547 757 3609 ἐντῇ
766 3545 886 3609 ἀναλήψει.

985 3331 1113 3407 ⁸bilapsam
1124 3332 1193 3379 ornat
1202 3330 1331 3380 ecelesiam
1340 3327 1446 3394 Virginis

991 3419 1096 3470 Basilius
1105 3420 1130 3468 et
1139 3431 1196 3468 cum
1206 3417 1364 3468 Constantino
1374 3419 1431 3468 Leo.

1086 3559 1131 3602 tto.
1142 3559 1169 3602 ln
1181 3555 1259 3604 eadem
1273 3557 1298 3600 in
1311 3557 1392 3612 trullo,
1403 3555 1429 3600 in
1444 3555 1521 3602 tabula
1530 3559 1683 3604 ascensionis.

991 3678 1087 3725 ittarta
1096 3686 1225 3739 assurgens
1236 3673 1344 3736 patrium
1356 3671 1394 3722 tui
1407 3671 1441 3722 ad
1448 3670 1573 3736 thronum,

991 3767 1126 3816 maternam
1134 3760 1185 3824 tui,
1196 3761 1315 3822 Salvator,
1326 3759 1426 3810 domum
1435 3759 1544 3810 ostendis

994 3853 1085 3903 iontem
1094 3848 1285 3900 intellectualem
1294 3847 1493 3912 praestantiorum
1502 3846 1629 3898 donormn.

164 3670 215 3731 ’Fae
224 3673 272 3749 γῆς
284 3667 400 3727 ἀνελθὼν
411 3667 537 3747 πατρικόν
550 3689 596 3726 σου
608 3666 671 3744 πρὸς
684 3665 785 3747 θρόνον,

164 3760 207 3818 τόν
222 3755 350 3838 μητρικόν
365 3777 426 3828 σου,
441 3759 539 3835 σῶτερ,
550 3745 619 3814 οἶκον
635 3755 757 3822 δεικνύεις

165 3847 251 3927 πηγὴν
266 3841 364 3916 νοητὴν
379 3843 531 3922 κρειττόνων
545 3843 730 3924 χαρισμάτων.

281 3987 333 4035 tit.
349 3986 388 4034 Ἐν
400 3988 436 4046 τῷ
447 3983 511 4046 αὐτῷ
521 3989 583 4046 ναῷ,
596 3983 628 4041 εἰς
639 3985 681 4043 τὴν
689 3982 830 4047 σταύρωσιν.
1125 3993 1171 4035 tlt.
1185 3993 1211 4035 tn
1223 3991 1300 4036 eadem
1311 3990 1413 4045 ecelesia,
1422 3989 1447 4034 in
1457 3989 1639 4039 crucifixionem.

992 4116 1105 4166 Mortuus
1117 4117 1196 4164 Orsus
1208 4113 1300 4164 evomit
1309 4114 1434 4173 mortuos,

992 4201 1160 4266 purgationem
1170 4200 1314 4264 quioeperit
1323 4212 1420 4249 carnem
1431 4197 1536 4247 Domini.

167 4111 199 4176 Ὁ
213 4112 304 4193 νεκρδς
313 4107 395 4194 ᾍδης
409 4110 496 4187 ἐξεμεῖ
505 4108 680 4185 τεθνηκότας,

167 4201 292 4280 κάθαρσιν
307 4199 388 4278 εύρὼν
404 4201 490 4276 σάρκα
505 4197 553 4267 τὴν
567 4202 612 4255 τοῦ
629 4195 766 4256 δεσπότου.

252 4345 305 4392 112.
321 4343 361 4398 Εἰς
370 4342 410 4391 τὸν
422 4341 493 4390 αὐτὸν
504 4341 569 4400 ναὸν,
580 4341 612 4396 εἰς
622 4342 664 4399 τὴν
674 4339 862 4404 μεταμόρρωσιν.
1099 4342 1144 4387 tlt.
1160 4342 1185 4384 ln
1197 4337 1277 4384 eadem
1287 4336 1391 4390 eeclesia,
1402 4335 1427 4380 in
1437 4333 1680 4391 transfigurationem..

169 4466 282 4548 Δάμψας
294 4468 308 4524 θ
319 4463 433 4544 Χριστός
446 4467 472 4524 έν
484 4461 586 4543 Θαῦθιρ
598 4461 681 4545 ρωτθς
691 4463 782 4542 πλέον,

170 4553 243 4616 utba
258 4551 380 4612 πέπαυκε
394 4557 439 4610 τοῦ
454 4551 617 4612 παλαιτάτου
632 4551 722 4628 νόμου.

993 4462 1157 4530 Resplendens
1167 4460 1280 4512 Christus
1289 4460 1314 4509 in
1323 4458 1421 4509 Thabor
1428 4458 1485 4510 luce
1494 4457 1571 4522 magis

994 4555 1106 4606 umbram
1115 4548 1397 4614 abolevitraterislegis.
1443 4599 1448 4608 ,

301 4697 353 4746 tta.
363 4693 403 4744 Ἑν
413 4700 447 4758 τῷ
457 4694 522 4756 αὐτῷ
534 4697 597 4756 ναῷ,
609 4693 642 4750 είς
650 4693 693 4752 τὴν
701 4694 812 4751 θπαντὴν.
1154 4693 1202 4736 tls.
1212 4695 1240 4737 ln
1251 4689 1330 4738 eadem
1340 4689 1442 4743 eeclesia,
1451 4689 1476 4734 in
1485 4691 1617 4735 οοουτειιιιι.

995 4820 1044 4878 Qut
1054 4819 1160 4869 cernitur
1168 4829 1234 4866 nune
1242 4815 1268 4864 in
1276 4813 1389 4864 manibus
1399 4811 1464 4863 senis
1472 4811 1592 4876 puerulus

996 4906 1115 4972 antiquus
1127 4906 1166 4956 est
1178 4902 1310 4954 fabricator
1320 4905 1465 4966 temporum.

170 4815 319 4896 Ὁρύμενος
331 4821 377 4876 νῦν
392 4817 469 4897 χερσί
482 4815 629 4896 πρεσὸύτου
646 4816 737 4897 βρέφος

170 4905 280 4975 παλαιός
295 4907 351 4966 ἔστι
365 4905 519 4985 δημιουργὸς
534 4907 587 4963 τῶν
600 4903 713 4985 χρόνων.

308 5049 360 5098 tit.
374 5049 414 5096 Ἐν
424 5048 531 5110 τῷαύτῷ
541 5051 605 5111 ναῷ,
615 5047 647 5104 τίς
656 5017 812 5111 χαιρετισμόν.
1138 5053 1184 5096 tlt.
1196 5054 1222 5096 tn
1231 5008 1308 5096 eadem
1317 5048 1420 5102 eeclesia
1432 5047 1457 5091 in
1467 5045 1635 5092 salutationem,

173 5170 344 5252 Προοιμιάζει
356 5171 484 5249 κοσμικὴν
500 5170 644 5254 σωτηρίαν,

920 5225 926 5235 ,
998 5177 1119 5228 Praeiatur
1130 5175 1216 5226 mundi
1225 5175 1329 5226 sautem
