3946 5952
186 381 244 460 xxij

186 515 316 573 Vaticani
348 512 458 570 codicis
495 507 671 567 lectionibus
706 521 832 579 careret,
868 525 963 585 neque

187 623 287 661 earum
303 598 564 660 nanciscendarum
576 597 824 674 opportunitatem
837 595 968 665 haberet,

189 689 332 749 sexcentis
348 689 378 746 in
394 687 467 744 locis
484 703 591 762 pravas
606 682 789 759 conjecturas
806 703 861 762 pro
877 702 969 740 utern-

189 778 345 836 branarum
368 770 545 831 lectionibus
571 769 726 842 habuisse,
754 790 849 849 neque
872 771 970 829 minus

189 883 280 942 steps,
295 874 326 920 ut
345 880 409 936 quae
430 860 605 937 corruptelis
627 859 782 918 horrerent
802 859 969 934 laevigaret,

190 952 334 1008 violentas
348 962 375 1006 et
397 949 562 1006 tenrerarias
577 947 761 1024 conjecturas
778 967 844 1007 suas
859 949 890 1006 in
914 960 971 1005 tex-

190 1053 248 1096 tum
265 1038 426 1096 invexisse.

228 1128 285 1186 Seri
305 1129 358 1186 hos
373 1127 581 1203 elegantissimi
602 1127 661 1183 viri
673 1144 789 1184 errores
801 1125 971 1202 suspicione

192 1229 252 1273 tum
276 1215 368 1289 magis
391 1214 551 1291 precipere
575 1232 662 1290 quam
683 1213 771 1270 certis
794 1212 972 1286 argumentis

190 1305 367 1361 convincere
388 1313 573 1379 poteramus,
600 1321 689 1377 quum
714 1300 850 1378 puriores
880 1299 972 1357 tontes

189 1391 375 1469 paucissimis
391 1401 501 1462 tantiam
525 1402 677 1466 paterent,
693 1389 745 1465 qui
763 1387 852 1445 otiosi
868 1386 904 1444 ad
923 1405 972 1444 eos

189 1478 335 1536 sedebant.
348 1476 444 1546 Quare
457 1497 546 1552 quum
562 1476 644 1536 nulla
658 1494 726 1554 spes
746 1489 821 1534 esset
841 1474 973 1533 subsidia

189 1565 297 1642 quibus
319 1565 486 1624 Bruncltius
509 1578 664 1640 caruerat,
682 1564 749 1622 aliis
768 1563 897 1621 oblatum
916 1562 971 1634 iri,

189 1653 347 1711 divenditis
389 1664 484 1710 autern
521 1656 718 1710 Analectorum
757 1648 974 1726 exemplaribus

190 1759 267 1799 nova
278 1740 369 1799 editio
388 1760 405 1798 a
422 1741 573 1798 literarum
586 1738 753 1797 amantibus
769 1738 874 1816 cupide
885 1756 974 1815 expe·

189 1841 310 1898 teretur,
330 1847 416 1905 quam
427 1871 435 1899 ,
448 1827 546 1886 Gallia
569 1826 657 1885 bellis
673 1825 814 1885 civilibus
830 1838 859 1883 et
880 1837 974 1883 exter·

190 1918 237 1974 nis
255 1915 442 1974 vehementer
457 1929 579 1986 vexata,
598 1915 635 1978 ab
656 1915 721 1992 ipso
738 1913 853 1972 editore
869 1931 974 1991 procu·

191 2016 284 2061 ratum
306 2005 345 2060 iri
372 2022 408 2060 ne
439 2004 600 2082 exspectari
626 2002 743 2078 quidem
777 2013 907 2078 poterat,
940 2002 974 2058 ad

189 2091 301 2146 exitum
322 2090 484 2166 superioris
499 2090 597 2148 saeculi
620 2089 824 2147 Analectorum
848 2101 972 2158 textum,

191 2177 309 2235 omissis
324 2196 389 2253 quae
403 2175 440 2234 ab
455 2176 632 2251 huthologia
643 2176 738 2233 aliena
751 2189 865 2246 essent,
879 2194 975 2234 emen·

193 2265 328 2342 datisque
349 2285 413 2342 quae
434 2265 599 2323 Brunclius
622 2265 735 2341 ipsein
757 2265 835 2322 notis
854 2263 975 2340 adjectis

193 2355 386 2428 correxisset,
399 2353 508 2431 Lipsiae
520 2365 658 2431 quattuor
679 2351 883 2410 voluminibus
896 2371 977 2430 repe-

197 2442 319 2501 tendum
334 2442 445 2503 curavi.
468 2442 513 2501 hd
532 2441 593 2499 haec
609 2461 679 2498 mox
692 2441 826 2516 quintum
840 2443 975 2516 accessit,

193 2530 308 2589 lnrlices
334 2530 554 2608 copiosissimos
578 2528 746 2601 continens,
770 2542 798 2588 et
823 2543 888 2588 octo
917 2530 973 2587 alia

192 2638 257 2694 quae
276 2618 552 2677 animadversiones
567 2618 836 2696 complectebantur
847 2638 912 2676 cum
925 2617 978 2676 Pa·

193 2707 381 2784 ralipomenis
395 2706 443 2783 (⁴³).
463 2705 573 2763 llorum
584 2705 662 2763 enim
678 2704 754 2763 haud
767 2707 891 2779 exiguus
905 2704 977 2763 mihi

193 2811 331 2850 uumerus
348 2806 531 2851 succreverat
545 2811 609 2851 cum
626 2791 762 2864 aliunde,
786 2805 846 2850 tum
864 2812 900 2849 ex
913 2793 978 2869 ipso

194 2875 332 2950 Vaticano
349 2879 467 2952 codice,
485 2899 571 2958 quem
589 2879 762 2951 Uhdenius,
779 2881 827 2938 vir·
842 2879 976 2951 illustris,

194 2967 245 3042 qui
260 2980 320 3024 turn
333 2966 431 3025 llomae
445 2967 561 3043 negotia
574 2966 768 3044 potentissimi
784 2966 977 3024 borussorum

195 3055 273 3130 rogis
292 3054 487 3133 procurabat,
503 3055 540 3113 ab
556 3055 671 3133 lleynio
687 3054 722 3112 ad
737 3072 800 3112 eam
822 3074 883 3113 rem
898 3057 979 3114 exci-

196 3156 290 3214 tatus,
306 3144 337 3201 in
352 3163 444 3202 meam
461 3147 582 3219 gratiam
602 3155 784 3216 excusserat3
804 3142 887 3221 cujus
903 3163 978 3221 prae·

194 3231 366 3290 stantissimi
381 3230 439 3290 viri
460 3249 550 3310 opera
563 3231 650 3310 paulo
662 3244 730 3309 post
744 3230 851 3306 integri
868 3229 978 3306 codicis

194 3319 413 3396 apographum,
447 3318 485 3377 ab
516 3318 644 3397 losepho
668 3319 804 3395 Spaletti,
835 3319 979 3395 scriptore

195 3407 265 3464 olim
284 3405 470 3464 bibliothecae
490 3406 653 3478 Vaticanae,
669 3404 812 3480 singulari
827 3404 980 3480 diligentia

197 3493 317 3565 factum,
343 3492 374 3550 in
396 3491 605 3551 bibliothecam
637 3492 786 3570 publicam
814 3491 977 3550 Gothauam

195 3580 307 3639 illatum
322 3592 375 3638 est.
392 3578 435 3637 Ex
448 3579 504 3638 hoc
517 3579 633 3638 demum
647 3578 743 3651 libro,
757 3579 808 3656 qui
818 3623 827 3655 ,
838 3580 864 3637 si
878 3599 895 3636 a
907 3599 977 3656 pau·

196 3669 238 3726 cis
258 3666 411 3727 erroribus
424 3666 610 3742 discesseris,
630 3667 805 3746 autographi
820 3668 910 3726 instar
924 3668 979 3726 ha-

195 3755 259 3814 beri
273 3767 402 3835 poterat,
413 3768 491 3814 totus
504 3755 688 3832 hnthologiae
700 3754 839 3813 Palatinae
849 3754 977 3828 habitus,

197 3859 280 3903 antea
298 3845 356 3905 fere
375 3845 545 3922 ignoratus,
562 3845 724 3904 carminum
745 3843 818 3903 ordo
832 3858 860 3903 et
877 3845 978 3923 dispo·

196 3934 283 4013 sitio,
295 3953 466 4012 summaque
480 3933 591 3993 codicis
606 3934 637 3993 in
652 3934 789 4012 plurimis
804 3933 892 3992 rebus
906 3953 979 4012 prae-

196 4023 303 4082 stantia
325 4024 462 4099 cognosci
487 4036 609 4101 poterat.
627 4023 824 4098 Quaecumque
847 4021 925 4079 enim
948 4022 979 4078 in

197 4109 415 4187 prolegomenis
429 4111 537 4170 nostris
554 4111 600 4189 (p.
621 4106 841 4188 Llll-LXXlX]
862 4107 899 4165 de
914 4108 980 4165 An-

196 4198 326 4275 thologa'a
347 4199 532 4260 Constantini
548 4199 699 4278 cephalae,
723 4199 759 4256 de
774 4197 840 4275 ejus
857 4195 979 4254 concin-

197 4298 313 4361 natore,
324 4286 360 4346 de
372 4298 432 4346 toto
446 4287 574 4364 denique
589 4287 690 4346 codice
704 4287 935 4365 disputavimus,
947 4302 980 4341 ea

197 4375 297 4432 omnia
316 4394 353 4433 ex
374 4376 454 4434 illius
478 4375 640 4455 apographi
668 4375 750 4432 velut
776 4374 854 4432 lonte
878 4373 980 4430 hausta

199 4474 266 4519 sunt
281 4483 288 4517 :
307 4460 426 4520 undeet
441 4463 571 4540 plurima
584 4461 793 4538 epigrammata
807 4479 824 4516 a
839 4457 980 4516 Salmasio

231 4625 265 4688 (*)
279 4621 376 4672 Titulus
385 4623 466 4686 operis
474 4625 513 4673 est
529 4621 806 4685 :hathotoctograom
820 4625 875 4671 slve
885 4625 981 4674 Poeto-

200 4707 261 4745 rum
277 4705 422 4756 grecorum
439 4693 519 4744 tusus.
538 4697 580 4743 Er
594 4695 746 4743 recensione
762 4693 897 4743 Brorscit'i.
911 4696 980 4744 Tom.

200 4767 269 4815 r-rv.
283 4751 386 4829 cipri,
398 4777 421 4812 a.
435 4763 699 4824 troarnensium.
713 4766 745 4826 v,
757 4777 780 4813 a.
795 4768 867 4816 rios.
883 4767 980 4816 taceo·

200 4837 232 4884 sit
259 4831 507 4883 hirimadoersioues
538 4834 567 4880 iu
596 4834 793 4896 epigrammata
823 4832 983 4897 anthologia

200 4916 288 4967 precor
313 4902 457 4954 secundum
485 4902 605 4953 ordinem
628 4902 816 4954 analectorum
840 4905 982 4966 brunetti,

894 373 1061 436 tscossstr

1014 509 1209 588 praetermissa
1219 521 1246 566 et
1256 527 1272 565 a
1283 507 1368 566 nobis
1377 508 1407 566 in
1416 507 1648 585 paralipomenis
1658 507 1801 580 exhibita,

1014 617 1074 656 una
1088 616 1152 655 cum
1173 596 1318 654 editorum
1334 597 1577 674 epigrammatum
1593 597 1685 656 variis
1699 598 1801 655 lectio·

1015 685 1121 762 nibus,
1135 685 1344 761 profluxerunt.
1361 684 1509 743 Habebam
1525 684 1617 760 igitur
1628 685 1707 762 quod
1723 688 1798 746 milri

1015 776 1175 850 gratularer
1187 786 1308 852 propter
1322 774 1465 852 ejrrsrnodi
1478 773 1695 852 adjumentum,
1708 777 1803 854 inspe-

1016 875 1079 919 rato
1100 859 1246 933 oblatum,
1265 876 1294 920 et
1322 862 1357 920 ad
1380 881 1548 939 remquam
1574 860 1693 938 agebam
1715 864 1803 940 longe

1015 949 1317 1027 utilissimuo13quo‹l
1340 951 1397 1009 nisi
1414 951 1526 1010 tardius
1542 952 1573 1010 in
1600 971 1703 1011 manus
1723 973 1803 1011 meas

1015 1038 1158 1111 venisset,
1178 1051 1267 1096 totum
1296 1038 1369 1096 illud
1394 1040 1601 1099 Analectorum
1627 1044 1802 1119 repetendo-

1016 1145 1081 1184 rum
1105 1128 1259 1186 consilium
1279 1140 1328 1185 aut
1354 1128 1524 1201 evertisset,
1552 1142 1601 1187 aut
1626 1147 1804 1208 magnopere

1017 1216 1206 1277 immutasset.

1059 1306 1164 1364 Verum
1180 1307 1226 1362 vel
1243 1305 1285 1374 sic
1300 1323 1346 1362 res
1359 1304 1543 1380 ilnthologiae
1558 1323 1658 1379 graecae
1670 1305 1804 1364 inchoata

1017 1395 1109 1470 magis
1124 1414 1210 1471 quam
1236 1393 1363 1472 perfecta
1382 1406 1410 1451 et
1433 1393 1588 1471 profligata
1602 1395 1698 1454 videri
1712 1396 1802 1455 debe-

1017 1480 1076 1541 bat.
1093 1480 1309 1558 Requirebatur
1331 1480 1424 1539 editio
1443 1501 1509 1559 quae
1524 1501 1638 1540 omnem
1658 1483 1804 1542 Constan-

1018 1570 1072 1627 tini
1085 1569 1219 1648 Cephalae
1233 1568 1438 1642 Anthologiam
1449 1612 1457 1640 ,
1469 1571 1565 1648 qualis
1576 1569 1655 1629 libro
1667 1571 1804 1630 Vaticano

1019 1657 1194 1728 continetur,
1210 1677 1274 1715 cum
1291 1654 1431 1715 omnibus
1447 1656 1511 1733 ejus
1525 1659 1742 1718 accessionibus
1757 1681 1804 1718 re·

1019 1759 1223 1823 praesentaret,
1247 1759 1415 1823 textumque
1435 1747 1677 1823 epigrammatum
1701 1749 1804 1807 aPla·

1020 1835 1107 1891 nudis
1123 1831 1400 1910 interpolationibus
1414 1851 1474 1890 non
1489 1834 1587 1892 minus
1601 1853 1688 1912 quam
1703 1855 1804 1912 apra.-

1020 1923 1145 1999 posteris
1169 1923 1362 1980 recentiorum
1386 1922 1556 1979 criticorum
1572 1923 1805 1983 correctionibus

1021 2023 1174 2088 purgatum
1187 2009 1349 2069 exhiberet.
1360 2008 1442 2068 Talis
1457 2009 1596 2068 editionis
1608 2011 1683 2069 etad
1696 2013 1805 2070 criticae

1021 2099 1178 2158 severioris
1202 2098 1279 2174 leges
1306 2109 1413 2155 exactae
1434 2110 1462 2155 et
1487 2098 1697 2175 copiosissimis
1723 2119 1802 2159 conr·

1022 2187 1172 2247 mentariis
1184 2188 1332 2246 instructa
1346 2207 1426 2264 spem
1437 2188 1631 2258 excitaverat,
1648 2203 1805 2266 conspectu

1021 2276 1106 2333 etiam
1124 2274 1243 2354 publice
1261 2276 1340 2334 edito
1358 2274 1415 2354 (⁴),
1435 2275 1483 2333 vir
1503 2276 1642 2351 elegantis
1666 2276 1806 2337 doctrinae

1022 2365 1238 2440 multarumque
1266 2363 1416 2421 literarum
1442 2395 1481 2408 -
1507 2364 1617 2421 utinam
1648 2377 1702 2421 tam
1737 2367 1804 2424 felix

1022 2471 1107 2528 quam
1127 2452 1245 2512 doctus!
1265 2484 1306 2496 -
1318 2452 1493 2510 Caranusca
1509 2451 1544 2509 de
1560 2450 1737 2525 hocanrrrs,
1754 2459 1804 2532 qui

1021 2539 1230 2616 Anthologiam
1255 2560 1375 2616 graecam
1391 2560 1444 2599 sua
1468 2558 1555 2596 manu
1572 2539 1608 2596 de
1627 2539 1807 2602 membranis

1022 2629 1169 2688 Vaticanis
1184 2621 1359 2707 descriptam
1377 2629 1407 2686 in
1425 2629 1490 2687 sinu
1506 2640 1535 2685 et
1550 2628 1644 2686 oculis
1659 2630 1804 2703 gestabat,

1023 2732 1050 2776 et
1065 2738 1117 2796 per
1142 2718 1261 2794 longum
1286 2735 1430 2776 annorum
1455 2735 1571 2776 cursum
1588 2718 1687 2776 omnia
1711 2721 1806 2779 studia

1022 2827 1074 2864 sua
1090 2805 1127 2864 ad
1141 2807 1198 2866 hoc
1212 2827 1287 2885 opus
1306 2807 1505 2866 exornandum
1522 2819 1549 2863 et
1564 2806 1740 2866 elimandum
1758 2810 1807 2870 di·

1023 2909 1145 2955 rexerat.
1170 2896 1204 2953 Et
1229 2895 1289 2972 jam
1315 2915 1362 2954 res
1384 2895 1419 2954 ad
1441 2895 1551 2953 exitum
1570 2894 1724 2955 videbatur
1744 2917 1807 2957 esse

1023 2984 1183 3063 perducta,
1205 3005 1294 3061 quum
1305 2983 1506 3055 vChardonus,
1527 2984 1701 3059 gravissimo
1718 2987 1805 3045 simul

1023 3085 1051 3131 et
1066 3073 1222 3131 senectutis
1237 3086 1266 3130 et
1289 3073 1424 3148 egestatis
1441 3091 1529 3130 onere
1551 3091 1724 3150 oppressus,
1744 3089 1806 3134 tan·

1023 3161 1087 3219 dem
1101 3179 1136 3219 eo
1150 3174 1193 3220 est
1207 3161 1360 3234 redactus,
1377 3173 1409 3218 ut
1421 3180 1536 3219 omnem
1547 3161 1583 3220 ad
1597 3161 1804 3239 anthologiam

1024 3265 1205 3329 apparatum,
1217 3271 1317 3310 omnes
1330 3255 1442 3329 copias,
1456 3251 1599 3309 indefessa
1610 3263 1652 3308 tot
1663 3271 1806 3312 annorum

1025 3359 1114 3416 opera
1128 3341 1308 3417 conquisitas
1323 3352 1352 3397 et
1372 3351 1540 3414 congestas,
1564 3338 1684 3414 exigua,
1698 3353 1730 3398 ut
1752 3341 1807 3399 ier-

1025 3438 1081 3498 tur,
1101 3427 1245 3504 pecunia,
1260 3447 1319 3504 qua
1334 3427 1475 3485 advitam
1496 3426 1710 3484 sustentandam
1732 3448 1807 3507 opus

1024 3528 1105 3586 erat,
1127 3515 1277 3576 venderet.
1298 3516 1363 3585 Quo
1378 3516 1515 3574 thesauro
1531 3516 1604 3592 quid
1626 3516 1731 3574 factum
1751 3521 1805 3592 sit,

1024 3617 1073 3661 aut
1087 3603 1123 3660 ad
1137 3623 1223 3681 quem
1239 3606 1406 3683 pervenerit
1416 3648 1424 3676 ,
1436 3623 1557 3683 prorsus
1572 3605 1724 3679 ignoratur
1737 3607 1805 3682 (Ἣ.

1025 3689 1081 3748 Sed
1098 3709 1164 3768 spes
1181 3711 1197 3748 a
1212 3690 1368 3750 Chardono
1382 3694 1505 3750 excitata
1517 3712 1606 3767 quum
1623 3695 1806 3764 evanuisset,

1025 3797 1118 3855 neque
1134 3778 1209 3837 alius
1223 3793 1298 3838 esset
1312 3782 1362 3857 qui
1385 3799 1445 3838 rem
1463 3778 1500 3837 ab
1515 3798 1549 3838 eo
1564 3780 1729 3838 destitutam
1745 3801 1807 3841 sus·

1025 3866 1123 3942 cipere
1136 3867 1238 3939 vellet,
1252 3870 1314 3942 ipse
1336 3868 1509 3939 consilium,
1525 3867 1604 3944 quod
1626 3867 1663 3926 ab
1684 3889 1719 3926 eo
1738 3871 1807 3928 inde

1025 3965 1156 4032 tempore
1173 3976 1232 4032 quo
1248 3957 1444 4035 apographum
1468 3955 1676 4033 Spalettianum
1700 3961 1736 4016 ad
1754 3979 1809 4018 nos

1025 4040 1150 4101 delatum
1166 4058 1256 4116 esset,
1276 4064 1387 4103 mecum
1412 4045 1606 4119 agitaveram,
1624 4046 1807 4120 Anthologiae

1057 4261 1088 4323 (*)
1103 4262 1212 4312 liabetur
1221 4263 1243 4312 is
1256 4264 1280 4312 in
1294 4262 1358 4313 libro
1371 4263 1442 4312 bone
1454 4262 1529 4325 mgis
1546 4261 1632 4324 pleno,
1647 4261 1687 4310 cui
1698 4261 1786 4311 titulus
1803 4299 1808 4312 .

1027 4333 1157 4395 Meleager
1168 4333 1324 4396 territique
1335 4335 1359 4382 et
1369 4333 1400 4382 de
1412 4331 1557 4396 philologia
1567 4333 1575 4392 (
1587 4331 1665 4392 Paris,
1682 4336 1750 4392 1810,
1761 4334 1806 4382 tri·

1027 4404 1075 4454 bus
1092 4405 1159 4466 vol.)
1173 4404 1220 4453 vol.
1232 4407 1253 4466 l,
1265 4418 1289 4469 p.
1309 4407 1349 4453 117
1364 4417 1431 4466 seqq.
1447 4405 1540 4452 Novem
1554 4401 1671 4453 decemve
1688 4404 1811 4454 volumina

1025 4474 1086 4525 huic
1099 4475 1167 4538 operi
1180 4474 1362 4534 destinaverat,
1373 4485 1471 4522 omnem
1483 4471 1670 4534 complectentia
1681 4472 1810 4522 materiam

1026 4559 1103 4610 quam
1114 4559 1159 4596 nos
1177 4545 1202 4594 in
1216 4544 1358 4608 anthologia
1374 4542 1483 4592 Palatina
1496 4541 1663 4606 congessimus
1693 4556 1810 4593 unacum

1027 4615 1330 4677 commentariensium
1342 4612 1492 4677 hntboiogias
1506 4625 1606 4677 grecas,
1618 4615 1644 4662 et
1659 4613 1746 4662 notitia
1756 4628 1812 4676 poc

1027 4690 1109 4738 tatum
1123 4687 1167 4749 qui
1179 4687 1354 4751 epigrammata
1370 4685 1529 4748 scripserunt.

1059 4759 1106 4822 (**)
1124 4757 1302 4822 [Ignorabatur
1314 4769 1377 4805 auno
1389 4761 1447 4806 1810
1458 4769 1523 4818 ,qrro
1537 4754 1667 4804 tacobsius
1681 4753 1735 4804 haic
1750 4757 1809 4804 scri-

1028 4831 1109 4881 bebat.
1143 4829 1191 4879 sed
1203 4830 1303 4879 ineunte
1313 4841 1376 4878 anno
1392 4831 1451 4886 1888
1470 4827 1598 4878 emersit«
1616 4826 1772 4877 thesaurus»
1786 4831 1813 4876 et

1028 4903 1083 4953 ilico
1098 4901 1206 4966 pretinm
1217 4901 1284 4963 quod
1296 4899 1393 4962 poterat
1402 4897 1525 4949 offerebat
1537 4897 1681 4958 Jacobsius3
1703 4897 1747 4946 sed
1762 4911 1811 4947 ma·

201 4975 250 5024 vol.
265 4977 285 5035 Ι,
302 4989 359 5038 pars
371 4974 432 5039 ltin
447 4988 496 5039 qna
509 4975 731 5038 Protagoram),
748 4991 771 5026 a.
786 4979 861 5034 17983
878 4989 935 5039 pars
949 4977 982 5038 Π,
1025 4974 1079 5036 J'ute
1097 4971 1156 5021 dato
1169 4970 1277 5020 obtinuit
1293 4967 1444 5018 Bibliotheca
1457 4971 1540 5018 nostra
1553 4968 1706 5032 Impeditis,
1724 4968 1749 5018 in
1764 4981 1812 5030 qua

202 5043 256 5094 eorl.
268 5055 339 5094 anno.
350 5045 406 5096 vol.
418 5047 554 5110 ll,pars1,
567 5059 590 5094 a.
604 5047 679 5104 17993
691 5058 747 5108 pars
759 5049 793 5108 ll,
807 5061 829 5096 a.
842 5049 915 5108 1800;
926 5059 984 5110 pars
1025 5045 1076 5107 jam
1088 5042 1202 5092 omnibus
1214 5041 1339 5091 literamm
1349 5038 1505 5102 antiquantm
1515 5039 1632 5090 studiosis
1643 5039 1675 5089 nd
1687 5051 1762 5089 usum
1771 5052 1804 5102 pa

201 5116 245 5176 tu,
260 5128 283 5163 a.
301 5119 367 5164 1801.
387 5115 442 5166 vol.
456 5118 506 5178 111,
517 5129 574 5180 pars
584 5118 609 5178 1,
625 5128 647 5165 a.
668 5119 726 5165 1801
736 5135 743 5176 ·,
753 5128 810 5180 pars
824 5118 856 5176 11,
869 5128 892 5165 a.
908 5118 982 5176 taos,

202 5199 259 5249 pars
273 5188 319 5246 111,
330 5200 353 5236 a.
371 5189 439 5236 1811.

1028 5117 1073 5164 tet.
1085 5117 1149 5248 nge
1160 5113 1281 5174 Piccolon,
1293 5111 1462 5176 suppletum!
1473 5113 1489 5162 ὰ
1501 5108 1674 5175 i'Authoiogie
1683 5125 1732 5175 gr„
1745 5125 1768 5174 p.
1782 5114 1812 5159 89

1029 5198 1097 5248 seqq.
