3946 5952
558 449 682 512 CAPUT
703 453 750 512 lv.
775 455 964 516 PROOEMIA
985 459 1322 527 nnrndnunrnuun.
1513 479 1515 484 ’
1701 481 1735 537 ii

101 595 113 634 ο
138 575 222 653 λόγων
235 576 287 656 γὰρ
302 581 365 653 ἡμῖν
379 579 528 639 πολυτελῶν
544 582 589 640 καλ
604 585 731 644 ποικίλων

137 663 230 722 πολλοὶ
243 665 379 742 προθέντες
394 675 538 745 παμμιγεῖς
552 671 681 748 εὐωχίας,

137 760 302 832 περιφρονεῖν
319 753 437 812 πείθουσι
451 758 503 812 τῶν
519 757 680 836 εἰθισμένων.

137 839 172 898 Τί
183 840 212 897 δὲ
227 845 272 897 νῦν
282 840 400 914 ποιήσιος
414 841 451 919 μὴ
466 843 498 900 τθ
512 845 752 926 προῦξειργοιαμένα

136 927 220 994 οὕτως
234 927 305 987 ἐείσω
318 934 489 1010 συντετῆχθσι
503 934 627 1010 κείμενα;

107 1037 112 1062 ι
136 1014 215 1084 ixei
230 1020 369 1095 προθῶμαι
384 1021 430 1088 τῆς
444 1023 540 1099 ἀγορᾶς
555 1024 581 1079 έν
593 1027 632 1101 τῷ
647 1024 737 1104 μέσῳ,

137 1103 349 1180 παλιγκαπόλοις
364 1107 473 1173 εὐτελῶς
487 1111 665 1185 ἀπεμπολῶνς

138 1193 192 1251 Καὶ
208 1193 248 1259 τίς
262 1202 405 1273 μετασχεῖν
416 1197 468 1254 τῶν
483 1197 553 1271 έμῶν
572 1197 706 1271 όνέξεται;

136 1281 172 1345 τίς
184 1281 209 1338 δ’
220 1280 251 1338 ἂν
263 1280 369 1360 πρίαιτο
379 1281 438 1350 τοὺς
452 1283 542 1360 λόγους
553 1285 711 1363 τριωόόλου,

136 1369 158 1425 εί
171 1367 212 1443 μὴ
225 1369 298 1448 φέροι
313 1393 369 1436 πιος
383 1359 438 1430 ῶτα
452 1371 489 1448 μὴ
503 1374 665 1452 τετρημένα;

89 1477 110 1512 ιο
136 1456 205 1516 Ἀλλ’
219 1457 288 1516 ἐστίν
303 1459 377 1524 ἐλπίς
391 1459 503 1535 εθμενῶς
515 1463 567 1518 τῶν
584 1461 723 1539 δρωμένων

135 1549 202 1620 ὑμᾶς
217 1543 387 1620 μεταλαῦεῖν,
400 1547 445 1603 κού
458 1547 714 1625 κατεῦλακευμὲνως·

135 1632 190 1699 ίθος
204 1633 255 1712 γδρ
269 1637 331 1708 ύμῖν
345 1637 378 1712 τῇ
392 1635 523 1713 προθυμίᾳ
539 1636 606 1715 μόνῃ

135 1724 232 1801 τῇτῶν
246 1721 395 1780 καλούντων
410 1724 548 1802 ἐμμετρεῖν
562 1722 597 1782 τίς
610 1725 694 1788 σιτία.

138 1808 192 1872 Καὶ
207 1808 273 1889 πρός
285 1833 315 1887 γε
330 1808 414 1890 τούτῳ
429 1811 532 1869 δεῖπνον
543 1813 717 1892 ἧρανισμένον

87 1909 111 1944 '2⁰
136 1899 194 1968 ἥκω
207 1897 345 1977 προθήαων
359 1899 390 1956 ἐκ
409 1896 475 1956 νέων
490 1901 658 1977 ἡδυσμάτων.

137 1986 217 2046 Ἐπεί
230 1983 281 2064 γθρ
296 1987 342 2044 οῦκ
357 1984 456 2044 ἔνεστιν
472 1985 498 2054 ἐξ
514 1989 578 2062 ἐμοῦ
592 1989 671 2064 μόνου

138 2077 209 2149 ὑμᾶς
224 2071 394 2150 μεταλαῦεῖν,
405 2072 508 2152 ἄνδρες,
520 2073 593 2144 ἀξίας
603 2081 716 2158 τροφῆς,

139 2158 252 2227 πολλοῦς
270 2159 360 2220 ἔπειτα
374 2161 513 2220 συλλαόεῖν
528 2185 572 2239 μοι
585 2170 630 2222 τοῦ
644 2165 737 2242 πόνου,

112 2283 120 2298 ·
140 2248 185 2306 καὶ
201 2246 403 2326 ουγκιιταόαλεῑν
417 2249 464 2307 καῖ
478 2261 614 2309 σονεστιᾶν
625 2250 714 2315 πλέον.

86 2351 111 2388 ²⁵
142 2336 194 2396 Καὶ
208 2335 238 2409 δὴ
252 2335 382 2415 παρέσχον
396 2337 512 2416 ιίφθόνως
523 2341 546 2396 οί
560 2337 678 2397 πλούσιοι

136 2426 164 2492 ἐξ
172 2414 209 2482 ῶν
221 2429 351 2505 τρυφῶσι·
361 2425 406 2485 καί
421 2425 582 2505 παρολισθὼν
593 2426 705 2505 γνησίως

136 2516 162 2570 ἐν
173 2515 227 2580 τοῖς
240 2513 345 2572 ἐκείνων
362 2513 485 2590 πέμμασι
498 2513 674 2594 φρυοίττομαι.

135 2605 220 2662 Τοῦτο
233 2601 261 2660 δέ
272 2625 312 2668 τις
326 2603 412 2661 αθτῶν
426 2601 599 2682 προσφόρως,
616 2601 715 2670 δεικνὺς
730 2604 794 2682 ἐμὲ,

136 2693 194 2758 ἴσως
206 2693 260 2769 ἐρεῖ
271 2689 336 2770 πρὸς
350 2690 443 2748 ἄλλον·
459 2717 469 2740 ι
484 2688 588 2768 Ἀρτίως
601 2691 665 2766 ἐμοῦ

89 2804 113 2838 ω
137 2807 148 2830 ι
169 2778 254 2856 μέζον
269 2777 421 2858 μεμαχότος
435 2776 562 2853 μουσικήν
576 2801 604 2836 τε
619 2779 664 2837 καί
676 2780 753 2857 νέαν,

135 2896 145 2918 ι
166 2858 238 2933 οὗτος
251 2865 399 2945 παρέθηκεν
415 2864 461 2936 τὴν
476 2864 520 2924 ὑπ’
535 2867 598 2942 ἐμοῦ
613 2869 797 2946 μεμαγμένην.
816 2897 827 2919 ι

134 2957 217 3014 Ταῦτ’
230 2945 274 3012 οῦν
288 2956 341 3032 ἐρεῖ
354 2975 409 3026 τις,
424 2951 481 3010 odii
490 2957 541 3012 τῶν
557 2955 715 3034 σοφωτάτων
722 3002 731 3026 ,

133 3044 184 3100 τῶν
198 3043 346 3122 δφοποιῶν,
359 3031 396 3100 ῶν
408 3039 486 3120 χοίριν
501 3041 569 3100 δοκῶ
582 3041 658 3120 μόνος

135 3119 205 3186 εἶναι
217 3127 342 3200 τοσαύτης
357 3127 463 3206 ἡγεμὼν
477 3129 645 3195 πανδαισίαι.

85 3231 107 3268 aa
134 3217 251 3297 Θσρρῶν
265 3216 312 3295 γδρ
327 3217 414 3281 αὐτοῖς
424 3215 495 3275 λιτδν
505 3216 603 3276 οἴκοθεν
619 3217 696 3296 μέρος

132 3304 235 3372 καύτὸςΙ
244 3303 385 3380 παρίμιξα,
396 3307 442 3362 τοῦ
454 3302 538 3362 δοκεῖν
548 3304 585 3379 μὴ
599 3306 733 3370 παντελῶς

132 3389 202 3458 ξένος
214 3415 253 3458 τις
263 3383 327 3449 εἶναι
341 3394 393 3450 τῶν
408 3390 453 3448 ὕπ’
467 3393 531 3468 ἐμοῦ
544 3393 723 3469 συνηγμένων.

131 3478 202 3538 Ἀλλ’
211 3477 238 3547 ἐξ
252 3480 364 3538 έκόστου
378 3477 487 3558 σμικρὸν
503 3479 600 3557 ελσόγω
610 3481 704 3559 μέρος,

131 3567 189 3626 tuo
206 3569 369 3642 εἰπογεῦσαι·
378 3569 430 3625 τῶν
440 3566 468 3625 δὲ
478 3567 575 3626 λοιπῶν
590 3569 612 3627 εί
625 3569 694 3626 θελοι

88 3679 110 3712 ιιι
132 3659 219 3736 τυχεῖν
233 3679 274 3722 τις
285 3655 408 3714 ἇποίντων
422 3655 467 3714 καί
482 3663 623 3735 μετασχεῖν
636 3659 672 3723 είς
687 3656 780 3736 κόρον,

132 3746 196 3804 ἴστω
210 3767 240 3820 γε
251 3747 339 3801 ταῦτα
353 3745 413 3801 κατ’
430 3741 526 3822 ἀγορίιν
539 3741 662 3814 ζητητέα.
847 3745 848 3748 ’

134 3833 238 3908 Κόσμον
253 3829 281 3890 δέ
295 3830 415 3909 προσθείς
423 3830 476 3897 τοῖς
493 3832 565 3904 ἐμοῖς
579 3830 732 3906 πονήμασι,

132 3921 159 3976 ἐκ
166 3925 213 3978 τοῦ
226 3917 357 3996 βασιλέως
368 3915 426 3981 τούς
439 3913 581 3995 προλόγους
592 3916 750 3994 ποιήσομαι·

132 4005 236 4064 ἅπαντα
248 4003 302 4085 γάρ
317 4026 363 4078 μοι
379 4001 466 4070 δεξιῶς
479 4001 652 4083 προόήσεται.

87 4104 108 4140 ⁴³
133 4093 184 4152 Καί
198 4115 244 4169 μοι
255 4092 387 4170 μεγίστων
402 4091 564 4170 πραγμάτων
575 4092 742 4169 θμνουμένων

131 4181 211 4261 εὑρεῖν
227 4182 330 4258 γένοιτο
344 4179 389 4237 καὶ
399 4179 488 4257 λόγους
500 4179 670 4258 ἐπηρμένους.

168 4343 215 4415 Μή
231 4366 270 4408 τις
283 4340 453 4420 θπαυχενίοιο
466 4339 551 4416 λιπὼν
567 4343 689 4420 ζωστῆρα
703 4341 830 4400 λεπύδνου

131 4431 260 4511 βόρόερος
274 4431 299 4496 ές
316 4431 432 4508 βασιλῆα
447 4429 579 4508 βιημόχον
593 4426 668 4506 όμμα
682 4427 810 4505 captiuum

130 4520 190 4595 μηδ’
203 4518 244 4578 ἔτι
260 4517 360 4598 Περσὶς
375 4516 482 4584 ἄναλκις
498 4514 677 4576 όναστείλασα
693 4515 843 4594 καλύπτρην

81 4618 106 4654 ⁵⁰
128 4609 212 4688 ὄρθιον
225 4605 361 4687 ἆθρήσειεν
369 4627 376 4641 ·
385 4604 563 4673 ίποκλοίζουσα
573 4601 600 4662 δέ
611 4603 692 4682 γαίῃ,

129 4697 174 4756 καί
190 4695 270 4776 λόφον
282 4693 416 4773 αθχήεντα
433 4692 675 4769 καταγνοίμπτουσα
687 4690 827 4762 τενόντων,

131 4784 263 4852 λύουνίοις
278 4783 392 4855 ἄκλητος
406 4777 569 4840 θποκλίνοιτο
580 4778 728 4845 ταλάντοις.

129 4870 258 4951 Ἐσπερίη
274 4870 436 4950 θεράπαινα,
452 4867 484 4926 σθ
500 4868 522 4926 δ’
534 4867 559 4933 ἐς
569 4866 684 4944 κρηπῖδα
699 4865 846 4946 Γαδείρων,

127 4956 172 5012 καί
186 4959 260 5038 παρὰ
267 4956 385 5036 πορθμὸν
397 4953 495 5035 Ἰόηρα
509 4951 554 5012 καῖ
567 4950 734 5012 Ὠκεανίτιδα
748 4952 864 5026 Θούλην,

80 5064 102 5098 ἰε
128 5044 208 5114 ν’,πιον
221 5046 408 5124 ἇμπνεύσειας,
422 5039 566 5118 οῖμοιόαίων
580 5040 606 5099 δέ
616 5039 746 5119 τυράννων

128 5133 232 5212 κρέατα
248 5133 402 5214 μετρήσααα
416 5135 463 5210 τεῇ
479 5127 622 5210 κρυφθέντα
636 5126 727 5207 κονίη,

129 5223 282 5304 θαρσαλέαις
293 5222 435 5303 παλάμῃσι
450 5221 528 5303 φίλην
542 5219 654 5298 όγκόζεο
666 5217 787 5306 Ῥώμην·

966 613 1104 652 sermonum
1115 605 1179 654 enim
1187 607 1258 656 nohis
1270 613 1471 672 srunptuosorum
1484 625 1513 660 ac
1527 613 1649 664 uariorum

965 691 1035 740 multi
1046 692 1266 756 quiapposuemnt
1278 698 1417 760 omnigenus
1431 701 1524 762 epulas,

965 776 1167 841 ut-despioiamus
1180 783 1327 845 persuadent
1340 787 1417 837 solitu.

965 866 1029 922 Quid
1040 868 1113 930 igitur
1122 883 1189 919 nunc
1198 871 1301 922 ianam?
1313 888 1373 923 num
1386 878 1442 926 ante
1452 880 1535 940 paratu

964 955 999 1005 sic
1011 957 1089 1006 sineru
1101 961 1210 1010 consumi
1220 963 1344 1025 jacentia?

964 1045 1001 1093 uei
1015 1045 1088 1096 etiam
1102 1059 1233 1111 proponam
1242 1051 1266 1100 in
1276 1051 1356 1102 medio
1367 1053 1433 1115 iero,

963 1130 1069 1194 propolis
1079 1132 1212 1196 viripretio
1222 1135 1381 1187 venundans?

962 1219 993 1267 Et
999 1218 1055 1280 quis
1065 1221 1281 1286 remrein-partem
1290 1238 1401 1276 meorum
1412 1227 1558 1278 sustinebit?

963 1306 1020 1368 quris
1029 1311 1093 1358 emet
1101 1308 1146 1360 hos
1158 1323 1282 1364 sermones
1291 1314 1406 1377 niobem,

962 1396 1009 1444 nisi
1023 1397 1085 1448 torte
1094 1412 1166 1449 eures
1181 1401 1243 1450 serat
1255 1415 1303 1450 nnn
1313 1403 1464 1464 perforatas?

962 1484 1010 1534 Sed
1023 1498 1079 1548 spes
1090 1490 1128 1536 est
1139 1486 1255 1538 benevole
1266 1503 1310 1538 vos
1319 1491 1523 1555 qum-porarimus

962 1576 1105 1637 accepturus
1116 1589 1183 1636 esse,
1197 1589 1276 1638 neque
1285 1577 1474 1629 uenisse-annuo
1489 1593 1495 1622 z

961 1673 1016 1712 mos
1027 1662 1092 1712 euim
1101 1666 1140 1714 est
1154 1664 1222 1716 robis
1235 1680 1263 1715 ex
1276 1667 1328 1716 seio
1341 1667 1425 1717 studio

961 1753 1101 1802 vorantium
1115 1754 1194 1804 metiri
1209 1757 1362 1818 (estimare)
1377 1756 1453 1806 cibos.

962 1846 997 1891 λε
1008 1846 1125 1904 preterea
1135 1844 1278 1908 collaticipm
1289 1859 1384 1896 coenam
1448 1860 1457 1883 ·

962 1931 1048 1982 adsum
1060 1933 1216 1996 appositurus
1230 1948 1258 1985 ex
1274 1937 1344 1985 noris
1361 1937 1529 1988 condimentis.

962 2021 1057 2084 Quippe
1068 2022 1183 2082 quoniam
1191 2036 1239 2071 non
1253 2027 1291 2073 cst
1305 2027 1334 2073 ut
1345 2037 1372 2073 ex
1384 2037 1424 2074 me
1434 2027 1485 2075 solo

962 2122 1006 2158 vos
1017 2110 1146 2174 participes
1159 2111 1237 2171 iratis,
1251 2111 1309 2172 riri,
1323 2111 1401 2176 dignae
1414 2112 1496 2176 dapis,

962 2198 1046 2247 multis
1056 2199 1166 2262 persuasi
1181 2202 1209 2247 ut
1218 2199 1373 2250 sccii-irerent
1382 2201 1441 2250 miiri
1449 2200 1552 2264 laberis,

962 2291 987 2337 et
998 2292 1304 2352 una-sumptuserogarent
1315 2293 1340 2340 et
1354 2292 1549 2355 unaaeciperent
1564 2306 1608 2342 co:
1620 2293 1721 2344 innius.

962 2379 993 2427 Et
1004 2390 1061 2428 sane
1076 2377 1142 2441 large
1157 2378 1315 2443 prebuerunt
1327 2378 1415 2430 diuites

962 2479 992 2515 ex
1007 2465 1142 2528 iis-quibus
1155 2467 1277 2524 aiiinuut;
1296 2470 1320 2517 et
1339 2467 1444 2532 acceptis
1457 2468 1561 2532 ingenue

962 2553 986 2602 in
998 2567 1083 2604 eorum
1093 2557 1153 2618 pinu
1161 2556 1209 2604 uiis
1222 2556 1320 2605 serneio.

960 2645 1086 2702 λίσσοιτο
1102 2644 1190 2706 uliquis
1199 2657 1284 2694 eurum
1296 2647 1352 2708 apte
1362 2684 1368 2706 ,
1378 2659 1417 2696 me
1429 2649 1582 2707 monstrans,

961 2731 1061 2782 forsitan
1070 2731 1134 2782 dicet
1146 2732 1215 2782 alieri
1227 2752 1233 2781 ι
1246 2753 1257 2776 ι
1272 2735 1355 2790 Quum
1367 2748 1445 2796 nuper
1454 2748 1498 2797 ego

962 2839 972 2860 ι
984 2833 1076 2869 mazam
1085 2820 1231 2882 pinsuissem
1239 2821 1407 2883 musicamque
1423 2823 1447 2871 et
1458 2815 1559 2880 riorum,

961 2927 972 2950 ι
990 2907 1031 2957 iric
1043 2907 1157 2970 apposuit
1167 2921 1242 2971 quam
1257 2921 1301 2971 ego
1316 2908 1463 2972 pinsueram.
1478 2929 1489 2952 ν

959 2999 1018 3046 iimo
1030 2996 1102 3060 igitur
1112 2996 1175 3045 dicet
1187 2995 1287 3058 niquis,
1298 3010 1378 3058 neque
1392 3011 1422 3046 en
1437 2997 1595 3059 doctissimis,

958 3085 1139 3145 obsonatorum,
1152 3097 1259 3147 quorum
1272 3085 1348 3148 gratia
1357 3083 1443 3134 uideor
1453 3087 1520 3135 solus
1616 3101 1618 3104 ·

958 3187 1012 3224 esse
1021 3170 1166 3236 'tam-magui
1176 3185 1215 3222 rer
1231 3172 1342 3220 counrii.

958 3262 1046 3312 Fidens
1059 3261 1122 3310 enim
1134 3259 1182 3309 illis
1196 3263 1296 3310 tenuem
1311 3259 1384 3309 domo
1396 3261 1532 3323 portionem

958 3351 1031 3401 etiam
1040 3349 1091 3412 ipse
1101 3348 1233 3410 admiscui,
1244 3363 1274 3398 ne
1285 3362 1385 3412 prorsus
1396 3349 1491 3399 uiderer

957 3439 1047 3502 hospes
1058 3435 1157 3500 quidam
1169 3450 1223 3487 esse
1230 3437 1292 3486 inter
1301 3449 1342 3486 eus
1352 3451 1415 3499 quos
1429 3439 1579 3501 congregari.

958 3529 1073 3578 ceterum
1088 3540 1119 3576 ex
1131 3538 1280 3588 unoquoquo
1291 3538 1390 3588 parram
1402 3538 1498 3588 appono
1510 3531 1613 3588 partem,

957 3611 1143 3677 quantum-satis
1154 3612 1185 3662 ad
1201 3612 1363 3676 gustandum
1376 3613 1470 3676 reliqna
1481 3628 1540 3665 vero
1556 3615 1577 3666 si
1590 3617 1649 3667 volit

957 3706 1012 3769 quis
1021 3704 1130 3755 obfinere
1140 3707 1192 3754 tota
1204 3707 1285 3768 risque
1295 3704 1344 3754 frui
1355 3704 1387 3756 ad
1401 3706 1546 3769 satietatem,

957 3795 1032 3858 scito,
1050 3795 1103 3846 inec
1111 3795 1136 3844 iu
1152 3795 1204 3844 iore
1213 3808 1268 3845 esse
1283 3794 1423 3857 querenda.

957 3886 1075 3934 cosmum
1089 3882 1246 3946 (ornatum)
1258 3896 1317 3934 vero
1330 3882 1422 3932 addens
1432 3883 1493 3932 meis
1502 3883 1647 3934 lucubratio:
1659 3889 1674 3937 ι’.
1685 3901 1713 3936 υε

957 3990 989 4025 ex
997 3977 1144 4038 imperatore
1158 3975 1321 4038 praeloquium
1334 3974 1441 4024 iudam:

957 4067 1046 4114 cuncta
1059 4063 1124 4114 enim
1134 4065 1171 4112 sic
1185 4061 1245 4112 mihi
1253 4061 1336 4112 derne
1351 4061 1491 4124 procedent.

956 4159 992 4204 Ac
1003 4133 1072 4214 milii,
1082 4151 1125 4218 qui
1137 4151 1241 4202 maxima
1249 4151 1313 4201 tacta
1322 4153 1405 4211 canto,

956 4243 1060 4307 reperire
1075 4242 1196 4305 contingat
1207 4242 1280 4291 etiam
1291 4239 1366 4290 verba
1375 4239 1481 4304 grandia.

986 4336 1022 4382 Ne
1030 4332 1086 4397 quis
1096 4330 1221 4382 cervicalis
1234 4329 1280 4380 lori
1288 4328 1386 4393 ungulo
1400 4328 1485 4380 relicto

955 4423 1073 4473 barbarus
1084 4420 1109 4469 in
1118 4419 1288 4484 imperatorem
1295 4415 1514 4468 violentum-ermis
1521 4419 1606 4470 oculos
1615 4421 1732 4482 intendet,

954 4525 1015 4562 neue
1031 4508 1136 4575 ampdus
1149 4506 1231 4558 Persis
1243 4505 1350 4557 invalida
1369 4505 1604 4558 sursum-retrahens
1622 4509 1720 4562 mitram

954 4598 1114 4652 reetisoeuiis
1121 4609 1181 4649 eum
1190 4596 1323 4657 intueatur,
1333 4594 1378 4646 sed
1390 4595 1484 4660 poplite
1489 4594 1653 4660 procumbens
1659 4597 1728 4650 humi

954 4693 978 4740 et
990 4689 1089 4740 cristam
1102 4685 1232 4750 superbam
1241 4683 1420 4737 inclinans-sub
1435 4685 1563 4748 cervicem,

953 4777 1079 4839 Ausoniis,
1092 4776 1287 4834 nulio-vocante,
1299 4772 1471 4838 submittat-se
1483 4773 1602 4824 lancibus.

952 4865 1069 4930 Hesperia
1083 4858 1186 4925 tamuda,
1194 4866 1223 4914 tu
1233 4874 1291 4912 vero
1301 4861 1333 4912 ad
1344 4860 1492 4926 crepidinem
1506 4857 1625 4924 Gadium,

952 4959 977 5007 et
990 4953 1056 5019 apud
1072 4954 1163 5004 fretum
1176 4950 1298 5003 ibericum
1310 4949 1452 5014 Oceanique
1463 4948 1570 5012 Thulen,

951 5046 1038 5098 leniter
1048 5043 1168 5107 respires,
1182 5043 1207 5091 et
1220 5039 1454 5102 sese-excipientium
1462 5040 1619 5100 tyrannorum

951 5134 1031 5198 capita
1044 5131 1153 5182 dimensa
1161 5128 1187 5179 in
1194 5129 1239 5181 tuo
1252 5125 1350 5178 condite
1362 5126 1476 5191 pulvere,
1538 5149 1542 5155 ·

952 5221 1083 5273 sidentibus
1095 5218 1182 5283 palmis
1190 5230 1272 5268 earam
1280 5215 1425 5278 amplectere
1437 5213 1550 5264 donum!

1617 5321 1636 5355 4.
