3928 5950
139 3931 161 3969 Ι

198 346 219 407 θ
362 351 364 358 “
750 349 1005 411 ANTHOLOGIAE
1027 350 1230 414 PALATINAE

402 486 440 529 50.
454 482 494 536 Εἰς
504 480 543 529 τδν
555 481 626 530 αὑτὸν
636 481 659 530 ἐν
669 481 768 544 Ἐφέσῳ.

197 601 297 683 Ψυχὴν
313 604 389 669 αὐτὸς
400 603 500 678 ἔτευξε,
512 601 594 678 δέμας
608 605 746 686 μάρρωσεν
761 611 775 664 ὁ
789 605 876 673 αὐτάς·

236 693 356 772 Λάζαρον
371 694 401 751 ἐκ
415 691 512 752 νεκύων
524 694 548 759 ἐς
560 694 624 770 ράος
637 693 714 760 αὐτὸς
728 693 796 774 άγει.

474 837 512 882 51.
525 835 565 890 Εἰς
574 834 613 883 τὸν
621 834 697 884 αὐτόν.

194 957 325 1034 Τέτρατον
337 946 412 1035 ἦμαρ
424 953 479 1033 ἔην,
493 955 537 1015 καὶ
550 955 668 1033 Λάζαρος
683 955 772 1033 ἔγρετο
785 954 897 1033 τύμὸου.

482 1084 522 1128 52.
535 1080 575 1134 Εθς
586 1078 616 1126 τὰ
626 1077 698 1128 Boin.

195 1203 296 1281 Χαῖρε,
308 1196 379 1259 Σιιλν
393 1197 519 1279 θύγατερ,
530 1196 575 1256 καλ
588 1195 678 1276 δέρκεο
691 1196 805 1278 Χριστδν
817 1197 917 1258 ἄνακτα

195 1288 275 1367 πώλῳ
287 1286 448 1380 ἐργαζόμενον,
459 1286 504 1345 καὶ
518 1287 543 1353 ἐς
556 1285 636 1352 πάθος
647 1279 714 1367 αἶψα
726 1286 826 1346 κιόντα.

463 1426 503 1473 53.
517 1424 557 1480 Εἷς
567 1423 594 1472 τὸ
605 1422 703 1486 Πάσχα.

194 1545 285 1622 Ἀμνὸν
301 1545 399 1606 ἔπαυσε
413 1545 492 1624 νόμου
505 1547 550 1606 καλ
565 1547 697 1627 άμάροτον
711 1546 803 1606 ὤπασε
816 1551 885 1624 θῦμα

234 1632 360 1713 Χριστὸς,
377 1633 424 1693 itu
440 1636 537 1716 ἱερεὺς,
552 1637 628 1704 αὐτὸς
643 1637 691 1696 έὼν
707 1635 793 1708 θυσίη.

437 1775 476 1822 54.
491 1773 533 1828 Εἰς
542 1773 584 1831 τὴν
594 1772 733 1836 σταύρωσον.

192 1882 231 1951 Ὦ
246 1891 340 1965 πάθος,
353 1881 375 1950 ὦ
389 1891 512 1972 σταυρὸς,
524 1890 627 1951 παθέων
641 1890 779 1971 έλατήριον
794 1880 878 1968 uiua,

233 1984 327 2042 πλῦνον
342 1983 408 2058 έμῆς
419 1984 505 2061 ψυχῆς
518 1989 607 2039 πᾶσαν
623 1981 796 2052 ἀτασθαλίην.

466 2127 505 2171 55.
518 2123 557 2176 Εἰς
569 2121 611 2179 τὴν
623 2120 704 2178 αὐτήν.

194 2243 329 2324 Παρθένου
344 2240 397 2300 υῖδν
412 2241 461 2320 έρη
476 2240 519 2300 τὸν
534 2241 672 2320 παρθένον,
686 2242 764 2300 ἄλλον
776 2239 876 2300 έαυτύν.

231 2329 318 2392 Ἵλαθι
329 2333 374 2402 τῆς
385 2332 502 2409 καθαρῆς
516 2327 631 2388 δέσποτα
643 2328 791 2407 παρθενίης.

437 2473 474 2518 56-
492 2468 533 2524 Εἷς
542 2468 583 2524 τήν
596 2466 734 2517 ἀνάστασιν.

191 2593 306 2673 Χριστὸς
319 2591 368 2652 ε’διν
383 2591 437 2659 θεὸς
450 2583 503 2652 εἷλε
515 2591 590 2658 νέκυς
603 2591 628 2661 ἐξ
641 2589 704 2672 ᾅδου
716 2591 830 2657 πάντας·

193 2689 286 2762 μοῦνον
300 2681 327 2740 δέ
342 2682 506 2761 βροτολοιγὸν
520 2681 627 2760 ἀκήριον
642 2684 748 2740 ἔλλιπεν
762 2677 862 2767 ᾍδην.

408 2825 445 2871 57.
461 2822 499 2877 Εἰς
508 2821 548 2870 τὸν
559 2820 631 2882 ἀμνὸν
640 2825 681 2870 τοῦ
691 2821 752 2870 θεοῦ.

191 2951 293 3028 Ψυχῆς
309 2951 334 3006 έν
350 2950 454 3028 ιρλιῇσιν
468 2949 535 3022 ἐμῆς
553 2943 680 3024 σωτήριον
695 2937 763 3022 αἷμα

234 3041 330 3115 άμνού·
343 3036 495 3118 ὀλοθρεύων,
508 3041 600 3116 φεῦγε,
613 3036 650 3112 μὴ
662 3036 736 3115 ἐγγύς
751 3036 793 3096 ἴθι.

382 3177 386 3188 ’
413 3183 452 3226 55.
467 3178 507 3232 Εἰς
517 3176 557 3225 τὸν
567 3175 641 3225 πόκσν
651 3177 747 3225 Γεδεών.

191 3293 238 3370 Εἷς
249 3302 328 3368 πόκος
340 3299 438 3379 ὅμύρον
453 3298 520 3378 ἔχει·
535 3297 639 3376 λεκάνη
649 3299 739 3377 δρόσον
751 3296 857 3373 ὤπασεν
870 3298 960 3373 αὐτὸς,

230 3389 343 3468 άύροχος
356 3389 432 3453 αὐτὸς
447 3387 503 3444 ὅδε·
516 3387 614 3465 κρύπτε
629 3385 680 3463 νόῳ
695 3385 799 3464 κρύρια.

269 3538 305 3583 59.
319 3533 359 3588 Εἷς
369 3531 408 3579 τὸν
419 3533 509 3586 disicite
521 3530 560 3576 καὶ
573 3531 604 3584 εἰς
615 3530 656 3586 τὴν
671 3528 784 3590 θυγατέρα
796 3529 894 3591 Φαραώ.

192 3645 340 3727 Αἰγυπτίη,
355 3643 461 3724 κρύριόν
476 3665 504 3701 τε
517 3641 625 3722 βρέρος,
639 3642 684 3700 καὶ
697 3645 801 3718 ἐγγύθεν
816 3642 899 3726 ὕδωρ·

230 3737 391 3814 θιπροτυπσῖ
404 3732 507 3807 μούνοις
523 3729 672 3788 εθσεθέεασι
687 3733 783 3807 Λόγον.

190 3882 228 3926 σθ.
243 3876 284 3930 Εἰς
293 3874 332 3922 τὸν
343 3872 412 3922 αὐτὸν
423 3873 461 3921 ὅτε
474 3871 514 3925 τὰς
534 3869 644 3930 παλάμας
661 3869 754 3926 ἐξέτεινε
769 3874 923 3935 τροπούμενος
934 3875 973 3926 τὸν

408 3961 410 3966 ’
504 3958 507 3966 ·
527 3941 637 4003 Ἀμαλήκ.

189 4069 380 4146 Σταυρορανῶς
394 4062 494 4131 τανύεις
509 4063 634 4140 παλάμας
644 4063 712 4131 τίνος
725 4063 829 4142 εἵνεκα,
842 4069 942 4143 Μωσῆς

219 4159 302 4238 ΙΤῷδε
317 4156 391 4236 τύπῳ
405 4154 525 4233 Ἀμαλὴκ
537 4153 645 4214 ὄλλυται
661 4154 816 4235 ἀμφύτερος.
878 4182 884 4194 ·

464 4301 502 4347 ot.
519 4298 559 4352 Εἰς
569 4295 608 4345 τὸν
619 4295 698 4345 αὐτόν.

189 4421 264 4482 Ῥύεσ
277 4421 324 4491 σὴν
336 4421 436 4492 ἐθνικὴν
450 4419 552 4500 νύμρην
566 4418 638 4498 παρθι
651 4419 744 4495 ύδκσι,
756 4420 861 4492 Μωσῆ,

227 4510 336 4589 νυμρίου
352 4511 477 4587 ἀψευδοῦς
491 4507 595 4566 οὕνεκεν
607 4507 663 4566 ἐσσὶ
678 4505 767 4572 τύπος.

264 4653 304 4697 tii.
318 4647 357 4704 Εἰς
368 4649 409 4705 τὴν
424 4645 524 4695 κιθωτὸν
537 4645 575 4694 ὅτε
584 4645 624 4694 τὸν
634 4644 751 4708 Ἰορδάνην
764 4644 883 4706 ἐπέρασεν.

185 4777 305 4856 Λάρνακι
317 4774 426 4856 χρυσείῃ
440 4774 495 4854 ῥόος
510 4772 621 4831 εἴκαθεν.
634 4771 736 4842 Ἵλαθι,
750 4771 863 4849 Χρισιέ’

226 4866 269 4934 σὸς
282 4864 362 4932 τύπος
374 4868 390 4935 ἧ
402 4862 514 4943 λάρναξ,
527 4864 589 4940 τῇδε
601 4859 784 4936 λοεσσομένου.

450 5010 488 5056 es.
503 5003 553 5068 [Εἰς
563 5005 605 5062 τὴν
615 5001 705 5066 Ἅγαρ]

188 5129 234 5202 Ἐξ
246 5134 324 5192 ε’θνῶν
337 5133 381 5191 καὶ
392 5129 488 5210 Ἅγαρ·
499 5129 523 5188 τί
537 5129 562 5188 δέ
579 5129 700 5208 ά·γγελας;
713 5125 729 5197 ἢ
742 5125 766 5184 τέ
781 5125 809 5184 τὸ
824 5122 907 5204 idom

1268 495 1304 537 50.
1318 495 1343 536 ln
1353 494 1449 539 eundem
1459 495 1547 552 ephesi

1023 611 1134 662 Animam
1142 611 1196 676 ipse
1208 613 1278 675 lecit;
1291 626 1380 677 corpus
1392 616 1506 667 ionoavit
1520 616 1603 668 idern:

1053 702 1172 752 Lazarum
1183 716 1198 753 e
1212 704 1316 754 mortuis
1327 702 1353 753 in
1363 702 1444 755 lucem
1457 704 1510 769 ipse
1518 705 1596 757 ducit.

1314 839 1349 883 st.
1366 838 1392 883 ln
1404 837 1507 884 eundem.

1024 961 1132 1018 Quartus
1144 960 1196 1012 dios
1209 961 1306 1025 aderat,
1319 965 1345 1012 et
1354 965 1461 1014 Lamnus
1471 963 1576 1015 surrexit
1585 977 1600 1016 e
1610 965 1715 1016 tumulo.

1182 1099 1217 1142 ⁵2
1230 1098 1257 1141 ln
1267 1097 1354 1142 Palmae
1363 1108 1403 1143 seu
1412 1098 1540 1144 Patrnarum
1551 1097 1640 1144 lestmn.

1023 1218 1107 1279 saluo,
1119 1218 1177 1269 Sion
1189 1218 1252 1281 tilio,
1265 1220 1291 1270 et
1305 1219 1468 1283 contemplere
1480 1219 1606 1271 Christum
1619 1234 1700 1286 rogem

1023 1306 1090 1370 pullo
1101 1305 1258 1368 insidentem,
1269 1309 1295 1358 ot
1303 1306 1334 1357 ed
1345 1306 1484 1370 passionem
1496 1307 1624 1358 confestim
1636 1311 1744 1362 euntem.

1324 1440 1359 1483 55.
1373 1441 1398 1482 ln
1408 1438 1503 1484 Pascha.

1023 1562 1120 1623 lignum
1131 1557 1237 1611 abolevit
1248 1559 1309 1624 legis
1321 1563 1346 1612 et
1358 1560 1520 1612 immortalem
1532 1561 1638 1625 prebuit
1649 1562 1754 1614 hostiurn

1054 1646 1184 1711 Christus,
1197 1649 1289 1713 quiesi
1300 1647 1427 1715 sacerdos,
1438 1651 1492 1715 ipse
1504 1651 1547 1715 qui
1556 1654 1595 1703 est
1603 1651 1695 1703 hostia,

1283 1752 1319 1824 si.
1332 1784 1358 1826 ln
1369 1779 1552 1827 crucifixionem.

1023 1903 1044 1951 0
1057 1901 1179 1966 pesoi0,o
1192 1903 1265 1952 cruri
1279 1902 1443 1966 cupiditatum
1451 1903 1606 1967 propulsator
1614 1905 1720 1970 sangaris,

1054 1989 1109 2040 lave
1121 2003 1182 2040 anese
1191 1989 1279 2040 auimae
1288 1993 1404 2041 cunctam
1415 1991 1609 2056 improbitatem..

1325 2125 1359 2167 ii.
1375 2125 1400 2166 ln
1410 2122 1512 2167 eandem.

1022 2242 1128 2308 Virginis
1140 2243 1219 2294 tilium
1231 2243 1291 2294 dixit
1301 2243 1431 2308 uirginem,
1442 2245 1546 2296 alterum
1556 2259 1600 2296 se:

1053 2330 1176 2396 Propitius
1184 2335 1250 2393 estu,
1260 2345 1331 2396 pure
1342 2346 1468 2396 possessor
1479 2333 1631 2398 uirginitatis.

1197 2475 1199 2480 ’
1274 2471 1342 2516 55.Ιιι
1352 2472 1552 2519 Resurrectionem.

1022 2591 1136 2642 christus
1147 2591 1189 2655 qui
1202 2594 1239 2642 est
1248 2592 1310 2642 deus
1320 2594 1420 2644 sustulit
1430 2597 1542 2646 mortuos
1551 2610 1579 2647 ex
1590 2611 1647 2647 orco
1656 2603 1772 2664 συιιιθοε,

1053 2683 1079 2731 et
1091 2680 1228 2731 desolatum
1238 2680 1385 2732 homicidam
1397 2681 1547 2734 imbecillum
1558 2685 1655 2750 reliquit
1666 2690 1765 2741 Oreum.

1295 2822 1332 2866 57.
1346 2826 1372 2868 ιιι
1386 2834 1469 2878 agnum
1484 2827 1532 2871 liei.

1021 2943 1115 2992 struimur
1129 2943 1153 2992 in
1165 2943 1247 2993 linriue
1260 2957 1322 2994 meso
1335 2948 1372 2994 ost
1382 2946 1497 2997 salutaris
1506 2949 1606 3012 sanguis

957 3048 960 3054 ¹
1052 3031 1114 3095 agni.
1130 3032 1315 3093 Euteruuiuator,
1329 3035 1398 3097 θυμω
1410 3048 1440 3084 no
1453 3036 1555 3098 propius
1568 3037 1676 3090 accedes.

1492 3119 1501 3138 .

1269 3167 1303 3208 di.
1317 3168 1343 3209 ln
1354 3165 1424 3210 sellus
1434 3168 1553 3214 Gaisonis.
1576 3187 1579 3192 ·

1021 3292 1101 3340 Unum
1114 3291 1193 3342 sellus
1206 3305 1286 3342 rorem
1299 3291 1386 3354 haliet3
1397 3293 1496 3344 concine
1506 3307 1586 3344 rorem
1596 3297 1701 3359 prebuit
1711 3299 1803 3362 ipsum.

1052 3381 1143 3430 siceum
1155 3380 1313 3444 ipsumhoc:
1326 3383 1411 3432 occulo
1422 3385 1504 3432 merite
1516 3383 1619 3434 occulta.

1165 3523 1202 3566 iiii.
1217 3525 1243 3566 in
1258 3523 1349 3576 ulos-sen
1363 3527 1385 3566 ci
1402 3521 1504 3567 insiliam
1517 3525 1648 3570 i’luaraonis.

1019 3660 1143 3724 AEgyptia‚
1156 3662 1180 3710 ot
1193 3659 1312 3723 puerulus
1327 3661 1414 3722 latens,
1429 3666 1453 3712 ot
1466 3663 1546 3713 sicine
1557 3677 1621 3727 aqua
1638 3683 1644 3713 ι

1050 3761 1106 3810 quae
1117 3746 1275 3811 praefigurent
1284 3747 1343 3796 solis
1353 3747 1401 3811 piis
1410 3749 1527 3799 i'erbunr.

1097 3877 1132 3920 60.
1145 3879 1172 3920 ln
1184 3874 1294 3930 cundem,
1305 3876 1396 3932 quando
1411 3889 1490 3922 annuus
1502 3879 1637 3924 ostendebat
1647 3878 1728 3952 lugens

1358 3955 1458 4000 Amalec.

1018 4075 1107 4138 crucis
1116 4073 1148 4124 ad
1159 4074 1236 4125 instar
1245 4075 1354 4126 extendis
1362 4076 1456 4139 palmas
1471 4097 1477 4126 :
1492 4080 1562 4142 cuius
1574 4093 1660 4143 cause,
1674 4082 1786 4144 Moyses?

1048 4168 1131 4215 Hocce
1143 4166 1202 4227 typo
1215 4164 1314 4214 immeo
1326 4164 1389 4228 perit
1403 4169 1515 4229 uterque.

1308 4296 1342 4338 61.
1359 4297 1384 4338 io
1394 4295 1498 4340 eundern.

1017 4417 1125 4469 Defende
1134 4419 1202 4468 tuam
1214 4417 1326 4480 gentilem
1336 4430 1448 4480 sponsum
1459 4417 1490 4468 ad
1499 4421 1615 4483 puteum,
1629 4421 1738 4483 ,llos-ses,

1047 4505 1130 4570 sponsi
1140 4504 1240 4555 veridici
1253 4505 1368 4569 quoniam
1384 4519 1410 4556 es
1422 4509 1503 4569 typus.

1154 4641 1189 4686 62.
1202 4645 1229 4686 ln
1241 4644 1334 4694 iream,
1344 4641 1435 4698 quando
1445 4640 1567 4686 lordonum
1578 4640 1674 4686 transiit.

1015 4775 1085 4822 Areae
1097 4784 1179 4822 auree
1191 4771 1310 4822 liueniuru
1322 4770 1436 4822 decessit.
1450 4770 1575 4835 Propitius
1587 4773 1634 4827 sis.
1647 4771 1761 4822 Christe:

1045 4864 1106 4910 tuus
1118 4863 1194 4924 tppus
1206 4873 1263 4910 arca
1276 4858 1323 4909 hae
1336 4859 1448 4909 lavaturi.

1329 4999 1363 5043 ss
1378 5001 1403 5042 ιιι
1416 5001 1483 5054 agur.

1014 5131 1047 5178 Ea
1060 5127 1174 5192 gentibus
1183 5131 1207 5179 et
1219 5133 1289 5193 Agar.
1299 5129 1364 5186 Quid
1377 5131 1459 5181 autem
1470 5131 1582 5195 sungeias,
1595 5130 1633 5181 rel
1647 5130 1708 5196 quid
1717 5134 1796 5188 annai
