3940 5952
791 432 1047 496 ANTHOLOGIAE
1069 435 1271 498 PALATINAE

379 573 427 626 81.
449 563 652 625 eludimur
671 564 878 626 ΣΟΦΙΣΤΟΥ.

236 728 269 790 Ἢ
280 729 313 789 rie
324 729 402 812 ῥόδα,
415 729 555 810 ῥοδόεσσαν
567 729 634 808 ἔχεις
647 728 741 810 χοίριν·
755 730 823 790 ἀλλὰ
834 730 860 790 τί
874 732 984 806 ποιλεῗς;

276 817 385 892 σαυτὴν,
398 815 415 889 ἢ
428 818 461 877 τθ
477 816 555 900 ῥόδα,
566 817 598 890 ἠὲ
613 818 812 898 συναμφότερα,

504 981 548 1034 82.
571 984 772 1034 nonullorum.

1270 591 1310 637 al.
1326 588 1465 639 DIONYSII
1481 589 1650 639 sovfflsum.

1069 729 1106 776 Tu
1119 738 1176 788 quaa
1190 739 1260 776 rosas
1275 729 1359 788 tenes,
1379 741 1475 778 roseam
1487 727 1565 780 babes
1586 729 1689 795 gratiam
1708 751 1714 779 :
1734 731 1779 782 sed
1794 733 1857 796 quid

1099 814 1258 878 tene-ipsam,
1270 829 1300 865 an
1310 820 1395 866 rosas?
1407 831 1440 866 an
1452 819 1574 881 unaque?
1741 819 1857 884 [τομαῖα]

1349 990 1397 1058 ει.
1421 995 1577 1039 snournrr.

233 1127 273 1198 Ὦ
288 1138 388 1220 σοόαρὴ
403 1140 569 1219 βαλάνισσα,
581 1138 606 1198 τί
621 1139 653 1209 δή
667 1141 731 1199 ποτέ
744 1138 774 1218 μ’
787 1141 887 1222 ἔκπυρα
898 1139 999 1215 λούσας
1068 1143 1190 1196 Oardens
1201 1144 1347 1209 balneatrix,
1357 1145 1418 1211 quid
1427 1145 1527 1198 tandem
1541 1159 1580 1197 me
1592 1147 1661 1198 laras
1676 1147 1773 1198 calida?

274 1226 334 1308 πρίν
349 1227 379 1304 μ’
392 1226 592 1301 ἀποδύσασθαι,
607 1233 653 1287 τοῦ
668 1227 747 1308 πυρὸς
762 1228 931 1304 αἰσθάνομαι.

491 1409 536 1461 83.
556 1413 756 1462 ΑΔΕΣΠΟΤΟΝ.

1098 1237 1168 1285 reste
1180 1235 1289 1286 nondum
1302 1239 1375 1287 exuta
1385 1250 1429 1302 ego
1445 1236 1525 1287 sentio
1536 1236 1626 1302 iguem.

1353 1425 1393 1472 83.
1417 1432 1578 1474 ΑΝΟΝΥΜῙ.

234 1558 293 1620 Εἴθ’
306 1559 400 1637 ἄνεμος
408 1561 532 1641 γενόμην,
547 1562 617 1622 ebul
636 1563 692 1642 [δὴ]
707 1563 847 1644 στείχουσα
861 1566 923 1642 παρ’
954 1562 1019 1645 ᾷγδις
1067 1570 1166 1619 Utinam
1178 1572 1267 1620 ventus
1280 1570 1377 1634 fierem,
1391 1574 1419 1622 tu
1431 1585 1491 1623 vero
1503 1571 1664 1623 obambulans
1673 1573 1708 1623 ad
1719 1573 1781 1624 litus

272 1649 369 1722 στήθεα
383 1649 550 1730 γυμνώοαις,
563 1651 609 1711 καί
623 1676 656 1730 με
670 1651 782 1712 πνέοντα
794 1649 898 1717 λάθοις.

541 1827 585 1879 84.
606 1829 704 1878 ibbo.

231 1979 294 2043 llll·
308 1981 381 2062 ῥόδον
395 1980 510 2060 γενόμην
523 1981 716 2063 θποπόρρυρον,
728 1981 797 2066 όρρα
811 2005 844 2060 με
855 1981 946 2063 χερσὶν

272 2067 409 2147 ἅρσαμένη
423 2068 522 2150 χαρίσῃ
538 2068 644 2140 στήθεσι
657 2067 776 2148 χτονέοις.

441 2246 489 2298 85.
513 2238 800 2299 exstumator.

231 2403 317 2484 ΦείδηΙ
329 2403 482 2485 παρθενίης·
497 2403 542 2463 καί
556 2403 582 2462 τί
593 2405 687 2479 πλέους
699 2407 728 2465 οδ
743 2403 794 2485 γδρ
809 2407 834 2472 ἐς
845 2404 932 2492 ᾍδην

271 2493 371 2552 ἐλθοθσ’
386 2491 503 2572 εὑρήσεις
516 2492 560 2550 τθν
574 2492 710 2574 ριλέοντα,
728 2493 805 2571 κόρη.

231 2575 279 2643 Ἐν
292 2585 381 2651 ζωοῖσι
394 2579 428 2640 rb
441 2578 540 2660 τερπνθ
552 2578 586 2640 τδι
600 2581 747 2662 Κύπριδος·
761 2582 787 2639 έν
799 2580 821 2640 δ’
833 2580 965 2661 Ἀχέροντι

271 2667 349 2729 ὀστέα
360 2665 405 2729 καὶ
418 2667 530 2741 σποδιὴ,
543 2667 673 2750 παρθένε,
687 2667 836 2746 πεισόμεθα.

464 2843 519 2897 θθ.’
531 2835 788 2896 ΚΛΑΥΔΙΑΝΟΥ.

229 3000 318 3087 ‘lieet
333 3025 392 3079 μοι,
406 3000 465 3082 φίλε
480 3000 580 3062 dolde-
596 3000 628 3060 σθ
642 3000 692 3080 γθρ
707 2999 754 3060 tel
767 2999 830 3068 τόξα
845 3001 965 3062 τιταίνων

230 3090 342 3164 ἐθλήθης
356 3091 400 3150 ὑπ’
414 3087 534 3170 Ἔρωτος
547 3089 592 3146 ὑπ’
603 3086 776 3168 ὠκυπόροισιν
790 3091 896 3158 diercis.

479 3267 526 3318 87.
549 3257 762 3320 ΡΟΥΦΙΝΟΥ.

230 3425 359 3505 'Aperitur
372 3423 415 3483 τὸν
429 3423 517 3503 ἔρωτα
529 3422 693 3494 Μελισσιδις,
707 3421 776 3481 ἀλλὰ
786 3422 816 3480 τθ
829 3425 907 3501 σῶμα

269 3509 376 3591 κίκραγ’
390 3511 425 3575 ὥς
440 3509 537 3588 βελέων
552 3505 691 3585 δεξόμενον
706 3507 848 3589 ραρέτρην,

229 3601 275 3660 καί
291 3600 367 3678 βάσις
381 3597 561 3672 θοτατέουσα,
578 3597 622 3674 καί
638 3599 750 3664 ἄστυτος
762 3597 895 3674 ἄσθματος
907 3601 991 3679 ὁρμὴ,

269 3686 314 3745 καί
329 3687 416 3745 κοῖλαι
432 3685 568 3766 βλερσίρυιν
583 3687 697 3751 lowest<
712 3685 813 3764 βοίσιες.

230 3774 326 3850 bili,
342 3773 441 3847 Πόθοι,
458 3772 523 3853 πρθς
538 3771 637 3852 μητρθς
651 3773 809 3854 ἕϋστεροίνου
824 3777 984 3854 Κυθερείης,

269 3861 379 3944 ρλέξατε
394 3860 441 3935 τὴν
457 3863 555 3935 θπιθῆ,
572 3861 665 3941 μέχρις
678 3864 732 3942 ἐρεῖ
746 3890 759 3918 ε
773 3862 915 3944 Φλέγομαι
928 3891 951 3926 ι.

456 4087 497 4134 8ι.
512 4099 621 4132 υιοιινιειτ
637 4097 766 4133 sornrsrnr.

228 4232 277 4279 luta
287 4228 475 4291 resarciamus,
489 4244 556 4278 rosen
570 4237 607 4277 est
618 4227 662 4277 tibi
673 4229 748 4294 gratia
760 4243 767 4278 :
780 4229 821 4278 sed
836 4229 874 4278 dic

260 4311 372 4361 Vendere
383 4311 450 4360 visne
460 4315 542 4361 rosas?
551 4315 624 4361 tene?
637 4327 666 4360 nn
683 4319 813 4377 utrumque
822 4313 892 4362 sirnul
903 4316 915 4358 P

527 4449 568 4497 θα.
590 4463 705 4498 ruerunt.

229 4579 286 4628 Tam
296 4577 399 4626 calidum
409 4593 453 4626 cur
464 4593 505 4632 ¹me
517 4577 591 4634 lavis,
605 4595 620 4626 ο
629 4593 682 4644 quae
694 4576 779 4626 balnea
790 4593 858 4626 curas
870 4581 881 4626 i

262 4663 303 4710 Sto
317 4658 424 4708 nondum
433 4659 515 4724 positis
526 4659 642 4719 vestibus,
653 4659 713 4724 iguis
722 4658 797 4708 adest.

504 4795 544 4843 83.
559 4796 599 4850 ⁸6.
624 4809 737 4842 rucearr.

231 4926 357 4987 Oubnam
373 4943 458 4983 ventus
474 4932 538 4993 iiam,
551 4941 579 4981 tu
592 4931 665 5000 frigus
676 4932 797 4995 amicum,

262 5023 296 5069 Ut
305 5018 387 5068 sitiens
398 5016 463 5066 nudo
472 5023 570 5082 pectore
582 5031 621 5064 me
632 5014 718 5081 cupias.

230 5104 253 5152 0
267 5101 359 5151 utinam
372 5114 474 5150 vernens
486 5113 539 5149 rosa
552 5097 606 5158 sim,
617 5095 742 5162 digitisque
754 5095 848 5144 toriellis

263 5188 350 5232 l‘rensa
362 5182 449 5232 micem
462 5180 536 5230 niueis
547 5180 615 5229 dulce
627 5177 672 5228 sub
682 5173 807 5227 uberibus.

232 5271 254 5319 0
267 5284 309 5333 τρο
319 5264 423 5317 liliolum
432 5265 451 5315 εἰ
463 5265 517 5325 sim,
532 5265 650 5330 salierque
663 5263 746 5330 cupito

1096 1659 1196 1720 pectora
1205 1657 1324 1720 nudares,
1336 1661 1361 1709 et
1371 1672 1411 1709 me
1420 1658 1554 1722 spirantem
1564 1651 1700 1723 recipcres'!

1377 1837 1417 1885 tl.
1440 1844 1550 1887 nulum.

1066 1989 1164 2040 Utinmn
1177 2003 1233 2040 rosa
1245 1989 1329 2040 fierem
1341 1989 1527 2054 subpurpurea,
1538 1992 1568 2040 ut
1579 2003 1619 2040 me
1633 1989 1745 2040 mallibus

1096 2076 1236 2142 decerptam
1251 2077 1355 2128 donares
1367 2077 1464 2142 papillis
1475 2076 1570 2128 niveis!

1324 2243 1362 2289 8⁵.
1380 2237 1592 2287 esculentum.

1062 2404 1147 2455 Parcis
1159 2403 1291 2470 virginitati
1305 2405 1347 2454 :ct
1355 2402 1418 2467 quid
1425 2403 1515 2467 jurat?
1526 2417 1576 2454 non
1589 2403 1667 2466 enlm,
1681 2406 1774 2454 orcum

1095 2493 1221 2558 ingressa,
1231 2491 1338 2557 reperies
1349 2495 1488 2554 amantem,
1498 2506 1514 2541 ο
1526 2491 1617 2556 puella.

1063 2580 1138 2646 Apud
1150 2581 1221 2632 viros
1235 2583 1297 2632 sunt
1313 2581 1402 2646 gaudia
1412 2580 1528 2642 verrens,
1539 2581 1565 2630 in
1576 2581 1714 2632 Acheronte
1728 2581 1816 2631 autem

1095 2681 1151 2720 ossa
1165 2671 1190 2720 et
1202 2667 1275 2731 dnm,
1287 2683 1303 2718 ο
1315 2668 1398 2732 virgo,
1408 2667 1553 2729 jacebimus.

1337 2859 1376 2904 θθ.
1393 2855 1560 2904 CLAUDIAM

1063 3013 1187 3079 Propitius
1206 3012 1267 3062 mibi
1284 3012 1333 3075 sis,
1345 3025 1401 3063 care
1414 3009 1507 3062 Pboebe
1523 3031 1530 3061 r
1545 3013 1573 3061 tn
1588 3011 1653 3062 enim
1665 3012 1765 3062 veloces
1779 3024 1853 3060 arcus
1957 2999 1958 3008 ’

1063 3103 1187 3155 muciutus
1200 3116 1228 3154 es
1237 3102 1268 3154 ab
1281 3107 1370 3154 Amore
1381 3102 1502 3153 celeribus
1514 3101 1616 3168 sagittis.
1736 3101 1853 3166 [tendens

1368 3301 1407 3350 87.
1425 3299 1540 3349 iuml.

976 3511 981 3520 Ι
1063 3441 1187 3493 infitiatur
1198 3455 1307 3492 amorem
1320 3440 1453 3502 blclissias;
1470 3439 1515 3492 sed
1528 3454 1617 3504 eorpus

1093 3524 1182 3574 clamat
1195 3537 1221 3576 se
1232 3523 1338 3573 telorum
1349 3521 1471 3585 accepisse
1485 3520 1637 3586 pharetram,

1063 3614 1088 3662 et
1101 3623 1200 3676 gressus
1212 3609 1342 3672 reddens,
1352 3611 1378 3659 et
1388 3609 1530 3660 inconstans
1539 3608 1645 3684 balitus,

1094 3701 1119 3750 et
1134 3697 1188 3748 cari
1203 3699 1276 3749 velut
1289 3697 1436 3762 sagittis-icti
1447 3698 1574 3748 oculorum
1584 3697 1664 3748 tundi.

1062 3788 1109 3848 st,
1134 3793 1249 3848 amores,
1267 3798 1364 3849 precor
1382 3797 1427 3849 per
1449 3788 1554 3835 matrem
1576 3785 1780 3849 pulchra-corona
1805 3788 1851 3849 Cy-

1092 3874 1154 3925 urite
1166 3873 1361 3934 inobedientem,
1373 3871 1451 3923 donec
1466 3873 1555 3923 dicat«
1569 3875 1667 3925 Uror».
1711 3873 1850 3938 ithacam,

1092 4086 1211 4151 torpore,
1227 4093 1343 4150 gestatum
1353 4085 1490 4134 candidiore
1502 4101 1584 4136 manu.

1341 4225 1382 4273 85.
1394 4241 1551 4276 αεοειεειυι.

1031 4347 1033 4350 ’
1059 4341 1115 4386 Esse
1125 4337 1213 4387 intecta
1227 4336 1293 4404 cupis
1309 4354 1315 4387 :
1325 4354 1371 4402 qua
1381 4342 1439 4404 spe?
1449 4339 1569 4401 Moriere,
1585 4355 1629 4388 nee
1639 4338 1702 4388 ullus

1091 4423 1160 4470 Tunc
1171 4419 1216 4469 tibi
1227 4419 1258 4468 de
1269 4419 1430 4485 populonius
1439 4430 1532 4471 amator
1543 4420 1599 4472 erit.

1057 4502 1135 4551 Dulce
1148 4505 1244 4562 Venus,
1259 4499 1300 4550 sed
1313 4502 1377 4552 enim
1386 4503 1461 4553 viris:
1475 4503 1613 4553 Acheronte
1625 4501 1669 4552 sub
1682 4502 1730 4552 imo

1092 4589 1150 4634 Ossa
1163 4587 1252 4635 erimus
1262 4594 1363 4649 lantum,
1381 4586 1456 4650 uirgo,
1471 4587 1578 4652 levisque
1595 4585 1662 4636 cinis.

1371 4715 1413 4776 87.
1429 4729 1527 4764 aurunt.

1057 4845 1180 4896 Inficiatur
1190 4862 1270 4895 amare
1287 4847 1403 4898 Melissias
1417 4863 1424 4897 ε
1446 4846 1523 4911 arguit
1534 4846 1610 4912 ipsam

1091 4931 1191 4994 Corpus,
1204 4927 1293 4978 habens
1310 4929 1381 4994 plena
1394 4928 1493 4978 vulnera
1505 4927 1534 4976 de
1546 4927 1669 4994 pharetra.

1058 5015 1111 5059 lloc
1123 5009 1207 5075 gradus
1216 5009 1365 5068 inconstans,
1377 5008 1424 5060 hoc
1436 5010 1524 5059 elamat
1533 5008 1654 5059 anhelitus
1668 5007 1736 5070 oris,

1091 5095 1121 5142 Et
1132 5091 1224 5142 defossa
1233 5093 1296 5142 escis
1305 5092 1395 5141 lumina
1408 5092 1453 5141 sub
1464 5091 1534 5142 ciliis.

1058 5179 1108 5223 Vos
1122 5173 1218 5244 durem,
1236 5190 1281 5240 per
1292 5190 1332 5224 ros
1347 5174 1449 5224 Veneris
1463 5189 1520 5238 rogo
1536 5188 1625 5223 numen
1634 5177 1745 5226 Amores.

1091 5256 1161 5307 Utile
1172 5256 1264 5316 adbuc,
1279 5258 1354 5308 donec
1366 5257 1460 5324 perdita
1466 5257 1545 5323 dicat,
1561 5261 1632 5307 Amo.
