3946 5952
274 412 1840 448 wa&

907 689 1222 846 nasu..

608 989 865 1102 noum
906 986 1512 1109 nonsummum.

977 1231 1142 1257 ...θ’-

322 1489 440 1561 Codex
459 1490 497 1559 in
517 1493 552 1574 40
567 1510 873 1575 membranaceUS,
896 1485 1035 1582 paginis
1056 1485 1252 1556 numeratis
1281 1483 1352 1569 614
1372 1497 1599 1578 quatuorque
1621 1481 1712 1553 loliis
1732 1507 1847 1552 mem-

273 1615 460 1686 branaceis
493 1612 645 1710 praefixis
667 1626 853 1698 constans,
874 1610 910 1679 in
934 1607 1104 1704 Catalogo
1125 1613 1237 1679 Roma
1265 1608 1373 1678 misso
1404 1631 1441 1677 n.
1467 1605 1550 1702 293.
1572 1606 1735 1676 interiori
1757 1609 1848 1702 parti

273 1736 435 1835 operculi
457 1736 673 1832 agglutinata
703 1749 754 1805 est
783 1733 969 1830 inscriptio
986 1733 1046 1803 aeri
1062 1731 1185 1822 incisa,
1201 1730 1435 1827 hujusmodi:
1458 1733 1542 1800 Sum
1565 1729 1608 1800 de
1627 1728 1846 1814 bibliotheca,

273 1887 373 1958 qiman
396 1859 625 1953 Heidelberga
644 1873 746 1954 capta
765 1855 1030 1953 spolinmsect't,
1048 1871 1081 1924 et
1105 1860 1149 1926 P.
1171 1862 1225 1932 M.
1249 1859 1416 1952 Gregorio
1445 1859 1516 1924 XV
1540 1855 1730 1951 trophaeum
1756 1861 1848 1924 misit

277 1985 554 2069 illoxImiliunus,
583 1984 760 2078 utriusque
784 1984 940 2048 Bavartoe
963 1977 1040 2047 dux
1063 1993 1129 2049 etc.
1161 1981 1200 2048 S.
1232 1983 1274 2048 tt.
1293 1983 1324 2049 I.
1349 1978 1600 2076 Archidapiser
1623 1993 1655 2048 et
1683 1982 1851 2074 Princeps

277 2109 429 2177 Elector.
443 2111 648 2201 Sequuntur
664 2104 816 2173 Bavariae
834 2127 930 2171 arma
950 2115 990 2172 ut
1003 2100 1149 2194 dicunt,
1165 2101 1201 2173 id
1222 2117 1274 2172 est
1293 2102 1442 2196 insignia
1459 2103 1495 2170 in
1514 2114 1635 2190 scuto,
1655 2125 1738 2171 cum
1756 2116 1849 2172 tem·

275 2231 372 2327 poris
389 2243 474 2298 nota
492 2254 499 2296 :
518 2231 617 2295 Anno
638 2226 765 2295 Christi
781 2230 833 2298 M.
850 2228 940 2296 IOC.
958 2228 1085 2295 XXIII
1097 2253 1108 2295 .·
1121 2223 1291 2297 'videlicet
1307 2250 1347 2295 ex
1363 2223 1433 2294 illis
1447 2223 1672 2324 Bibliothecae
1685 2223 1851 2296 Palatinae

276 2350 527 2422 codicibusest
537 2350 597 2419 liic
608 2363 742 2440 noster,
754 2372 845 2447 quos
855 2351 1223 2444 GregoriusXVpapa
1234 2345 1583 2417 sibialllaximiliano
1595 2348 1850 2420 Bavartaeduce

276 2475 373 2544 dono
400 2475 521 2562 datos,
543 2472 680 2543 nobiles
703 2470 980 2566 Heidelbergicae
1003 2472 1160 2540 victoria
1182 2465 1367 2537 manubias
1399 2470 1557 2565 accepit,
1583 2469 1721 2567 aliquot
1745 2473 1850 2541 annis

276 2613 468 2693 antequam
487 2595 648 2667 Urbanus
665 2599 725 2665 Vll
741 2595 891 2667 eandem
917 2592 1178 2664 Bibliotliecam
1205 2590 1403 2661 Palatinam
1420 2615 1486 2688 per
1506 2597 1662 2663 Leonem
1679 2593 1848 2665 Allatium

276 2722 348 2792 fere
373 2722 547 2815 integram
570 2724 721 2790 Romam
747 2718 890 2789 advexit
911 2745 918 2787 :
943 2717 1068 2789 conler
1090 2717 1268 2786 Assemant
1295 2714 1541 2811 praelationem
1564 2717 1763 2812 generalem
1787 2723 1850 2789 Ca·

277 2845 382 2941 talog.
403 2843 567 2914 Biblioth.
585 2845 746 2914 Vatican.
765 2858 854 2913 tom.
869 2847 894 2931 l,
912 2868 992 2939 pag.
1007 2843 1131 2911 XXlll.
1146 2838 1297 2909 Inferius
1308 2839 1447 2910 calamo
1460 2841 1682 2937 adscriptum
1692 2841 1846 2939 legitur:

277 2974 320 3038 ln
334 2993 416 3038 novo
430 2967 547 3037 Indice
565 2968 679 3038 Palnt.
698 2971 833 3054 XXIII,
851 2967 932 3035 olba
951 2965 1009 3038 33.
1028 2964 1146 3036 Codex
1167 2989 1252 3035 vcro
1268 2979 1389 3034 noster
1404 2980 1455 3035 est
1472 2961 1650 3037 Palatinus
1662 2966 1721 3038 ille
1737 2967 1845 3038 nobi·

277 3093 447 3176 lissimus,
465 3089 717 3184 anthologiam
737 3089 958 3161 Constantini
974 3087 1137 3184 Cepltalae
1156 3089 1361 3176 continenS,
1386 3090 1487 3185 cnjus
1502 3089 1639 3162 codicis
1649 3090 1848 3163 bonitatem

277 3231 382 3312 atque
407 3228 617 3285 vetustatem
643 3212 724 3284 loco
752 3239 817 3285 suo
843 3212 972 3284 eruditi
997 3212 1183 3310 perplures
1209 3213 1550 3304 innumerabilibus,
1573 3230 1611 3286 ut
1641 3217 1687 3286 ita
1708 3215 1847 3308 dicam,

276 3339 416 3436 scriptis
436 3337 709 3408 celebraverunt
727 3365 734 3406 ε
752 3335 908 3408 eundem
928 3337 983 3407 vir
1001 3336 1120 3431 magni
1142 3336 1298 3406 nominis
1318 3334 1485 3406 Clrardon
1506 3335 1552 3407 de
1569 3335 1601 3406 la
1618 3335 1809 3424 Rochette,
1828 3359 1849 3406 a

276 3463 392 3558 capite
414 3461 460 3531 ad
483 3461 619 3531 calcem
644 3461 880 3555 descriptum,
909 3475 1153 3557 perpetuaque
1179 3437 1415 3530 annotatione
1433 3460 1648 3530 instructum
1669 3459 1706 3529 in
1726 3460 1848 3530 animo

277 3584 388 3656 habet
406 3586 501 3656 utin
521 3584 638 3655 lucem
653 3584 750 3670 edat;
766 3583 838 3656 vid.
853 3583 1020 3654 Analecta
1035 3583 1282 3667 Criticalmm.
1298 3586 1342 3652 G.
1359 3581 1529 3652 Huschke
1539 3580 1646 3676 (Jenae
1659 3596 1693 3652 et
1708 3582 1844 3678 Lipsiae.

283 3709 384 3778 1800.
402 3706 457 3802 8⁰)
470 3706 605 3804 praelat.
622 3732 702 3802 pag.
716 3711 809 3777 Xlll.
823 3705 1080 3797 Quamobrem,
1093 3731 1312 3804 quamquam
1328 3704 1430 3775 lacile
1444 3704 1589 3776 credam
1604 3704 1702 3776 hunc
1716 3704 1848 3777 librum

275 3833 369 3901 inter
384 3831 572 3901 Vaticanus
589 3831 836 3927 pretiosiorem
856 3854 1053 3926 essequam
1069 3853 1285 3926 quemquam
1301 3828 1614 3926 pretiosissimum;
1629 3829 1728 3925 quod
1749 3829 1845 3901 idem

278 3953 453 4025 Harlesius
471 3954 602 4024 sentire
615 3952 757 4024 videtur
778 3953 865 4024 Bibl.
884 3958 946 4026 Gr.
966 3953 1038 4024 vol.
1057 3957 1119 4036 IV,
1135 3975 1216 4049 pag.
1234 3950 1304 4039 432
1323 3967 1469 4023 :tamen
1490 3977 1557 4048 pro
1577 3977 1639 4040 eo,
1658 3952 1758 4048 qnod
1777 3953 1845 4025 do-

276 4078 453 4149 ctissimus
471 4079 575 4148 viret
595 4077 770 4173 majorum
789 4078 948 4171 gentium
964 4077 1376 4168 criticus,Cl1ardonus,
1401 4078 1495 4149 lianc
1517 4079 1584 4151 sibi
1602 4082 1677 4178 jam
1700 4105 1848 4178 operam

217 4273 221 4282 ,
278 4218 390 4274 totam
413 4201 625 4290 vindicavit,
657 4225 802 4299 pergam
829 4215 949 4270 tenere
976 4200 1074 4271 illam
1099 4205 1210 4294 viam,
1241 4208 1349 4300 quam
1378 4204 1513 4275 institui
1542 4232 1549 4274 :
1578 4219 1616 4275 nt
1639 4220 1848 4301 argumenta

277 4327 441 4422 quidem,
464 4326 663 4422 seriemque
682 4325 891 4422 paginarum
908 4325 1208 4422 partitionemque
1231 4324 1372 4397 Codicis
1394 4322 1584 4418 diligenter
1602 4315 1848 4421 perscribam,

278 4448 323 4517 de
341 4462 437 4518 textu
456 4472 541 4516 vero
555 4447 698 4543 (praeter
712 4471 753 4518 ea
777 4472 856 4543 quae
878 4451 915 4518 in
934 4449 1141 4519 continuata
1165 4450 1318 4520 lectione
1343 4447 1501 4544 enotavi)
1521 4448 1716 4544 generatim
1740 4463 1848 4544 atque

279 4572 441 4640 universe
455 4595 557 4665 agam
580 4597 587 4640 :
610 4559 693 4640 nain
715 4571 863 4642 minima
877 4597 1026 4669 quaeque
1040 4573 1203 4671 persequi
1219 4597 1292 4670 prae
1310 4583 1407 4641 tanta
1428 4568 1658 4640 multitudine
1680 4566 1850 4638 codicum

280 4694 398 4763 minus
417 4693 608 4764 commode
622 4695 737 4790 potui.
755 4697 802 4763 Ac
816 4693 861 4765 de
880 4694 1027 4790 singulis
1049 4692 1363 4793 epigrammatibus
1387 4690 1579 4782 indicabo,
1596 4714 1668 4787 quo
1693 4688 1774 4760 loco
1793 4688 1849 4759 in·

280 4815 473 4884 veniuntur
484 4829 547 4885 ant
559 4816 595 4886 in
608 4815 694 4886 edit.
712 4817 935 4913 Anthologiae
955 4820 1110 4890 Venetiis
1125 4818 1221 4915 apud
1234 4823 1375 4886 Petrum
1392 4830 1426 4886 et
1439 4820 1494 4885 Jo.
1510 4815 1658 4884 Mariam
1669 4811 1850 4883 Nicolinos

279 4937 483 5024 Sabienses,
509 4940 668 5034 impensa
695 4938 895 5011 Melcbioris
914 4947 1029 5031 Sessa,
1055 4938 1157 5012 1550.
1182 4940 1202 5010 8
1224 4938 1284 5036 (ἢ,
1302 4953 1380 5029 aut,
1400 4939 1428 5008 si
1449 4936 1507 5008 illa
1526 4937 1677 5026 desunt,
1694 4937 1731 5006 in
1759 4935 1847 5007 edit.

316 5150 351 5217 (')
369 5152 408 5204 De
423 5168 475 5223 qua
490 5149 548 5204 vide
561 5150 628 5204 Bibl.
647 5152 695 5206 Gr.
711 5151 782 5206 Harl.
803 5152 854 5206 vol.
866 5154 914 5218 IV,
934 5158 1040 5228 pettit.
1079 5155 1116 5208 Ea
1126 5163 1213 5208 sutem
1227 5151 1293 5207 edit.
1313 5170 1372 5206 sum
1385 5170 1462 5220 usus,
1478 5153 1540 5224 quia
1552 5153 1579 5205 in
1594 5153 1653 5223 ipso
1663 5149 1733 5205 Cod.
1746 5150 1800 5222 jam
1815 5149 1850 5204 ad
