3938 5950
537 388 661 497 aanor
681 437 744 498 vu.
767 438 1049 502 netcnnmunm
1070 441 1343 503 saeuientem.
1687 448 1746 508 ars

168 565 353 645 npurado'ioo',
368 566 401 624 δι’
416 561 478 636 δσης
490 565 581 638 ήλθττι
590 572 734 648 πυρκαϊῆςί
989 580 1250 644 primum-emicantis,
1261 595 1304 646 per
1312 582 1433 644 quaritum
1447 581 1582 633 incessistis
1591 582 1745 636 broerrdiumt

249 731 315 784 ara.
338 722 590 784 intrateper
611 725 808 788 arcentor.
1158 746 1212 790 eia.
1230 742 1397 791 anrrrarm
1411 741 1537 790 stnonu.

125 875 184 950 Τήν
198 875 244 938 καλ
259 876 316 956 ἅμα
328 881 420 959 χρυσῷ
437 877 482 938 καί
497 878 632 961 ἁλουργίδι
650 881 695 940 καλ
709 881 756 942 σύν
773 879 874 964 Ἔρωτι
959 895 1029 946 lllam
1042 895 1115 947 simul
1130 900 1155 947 et
1167 911 1227 947 auro
1236 900 1260 948 et
1270 899 1471 962 purpurea-reste
1486 900 1512 949 et
1524 899 1612 950 comite
1626 903 1715 950 amore

165 967 365 1048 optimatiumque,
382 967 488 1039 ἁπαλῆς
503 968 633 1049 Κύπριδος
648 969 796 1052 ἁδροτέραν
990 983 1169 1046 luxuriantem,
1180 987 1264 1036 tenera
1277 986 1382 1050 Cypride
1397 986 1562 1038 delicatiorem

125 1048 204 1112 nala·
218 1052 287 1132 ίχιο,
300 1057 421 1126 πολιῆτιν
442 1055 579 1124 ἇλιζώνοιο
592 1056 734 1139 Κορίνθου,
960 1072 1060 1124 Laidem
1071 1072 1189 1136 oobibco,
1206 1075 1285 1126 civem
1297 1077 1463 1128 mari-cinctae
1476 1075 1602 1140 corinthi,

167 1142 300 1220 Πειρήνης
311 1142 411 1202 λευκῶν
424 1144 596 1224 ραιδροτέραν
609 1145 743 1221 λιύοίδιυν,
989 1163 1087 1214 Pircues
1096 1163 1157 1214 albis
1164 1165 1351 1229 splendidiorem
1359 1167 1487 1228 laticibus,
1677 1169 1745 1232 [olari

86 1250 99 1287 ι
123 1227 172 1300 τήν
189 1227 284 1302 θνητήν
299 1229 459 1311 Κυθέρειαν,
475 1233 515 1314 ἐρ’
527 1223 546 1312 ᾗ
558 1239 705 1314 μνηστῆρις
715 1235 807 1313 ἆγαυολ
958 1250 1024 1302 illam
1034 1253 1164 1304 mortalem
1177 1252 1336 1317 cytheream,
1346 1255 1378 1306 ad
1391 1269 1467 1319 quam
1484 1255 1663 1320 expetendum
1677 1258 1744 1321 proci

164 1316 311 1389 πλείονιςή
327 1318 430 1402 νύμρης
445 1318 531 1382 είνικα
546 1323 719 1405 Τυνδαρίδος,
988 1339 1072 1403 plures
1085 1343 1207 1412 exstitere
1220 1356 1295 1406 quam
1305 1343 1422 1408 virginem
1436 1343 1468 1396 cb
1479 1343 1657 1408 Tyndaridem,

123 1404 295 1484 δρεπτύμινοι
309 1407 421 1488 χύριτοίς
433 1431 462 1467 τε
476 1408 521 1468 καὶ
535 1407 638 1482 ώνητὴν
652 1409 803 1490 ἀφροδίτην·
959 1431 1085 1492 carpentes
1097 1431 1236 1494 gratiasque
1249 1433 1275 1482 et
1283 1432 1394 1482 renatam
1411 1445 1542 1484 venerem:

162 1485 195 1564 ἧς
206 1492 251 1552 καί
263 1495 308 1552 ὑπ’
321 1494 412 1554 εὐώδει
425 1495 524 1574 τύμύος
539 1497 619 1556 atrab
636 1497 743 1579 κρόκῳ,
989 1518 1059 1580 cujus
1074 1521 1098 1567 et
1108 1519 1155 1568 sub
1168 1518 1364 1570 odoro-suaviter
1376 1519 1426 1570 olet
1438 1521 1552 1572 tumulus
1568 1536 1648 1584 croac,

121 1573 153 1652 ἧς
167 1581 206 1642 [τι
219 1581 331 1654 κηώεντι
347 1584 422 1665 μύρῳ
436 1585 465 1644 τὸ
480 1583 619 1666 διοίύροχον
634 1588 743 1658 daseia,
958 1606 1029 1668 cuius
1043 1605 1125 1655 adbuc
1138 1607 1252 1670 fragranti
1262 1610 1387 1672 unguento
1396 1607 1498 1658 humida
1507 1622 1562 1659 ossa

70 1688 97 1727 to
123 1747 141 1760 .,
162 1669 208 1728 καλ
221 1670 334 1750 λιπαραὶ
345 1663 519 1749 θυόιτνδσδμα
535 1675 642 1732 πνέουσι
653 1673 748 1749 κόμαι·
988 1694 1013 1741 et
1026 1690 1110 1742 nitidae
1121 1691 1202 1743 thuris
1214 1693 1314 1745 odorem
1324 1695 1417 1759 spirant
1432 1709 1525 1755 comam

121 1761 139 1833 ᾑ
154 1756 197 1814 ἔπι
210 1757 291 1816 καλὸν
304 1757 387 1835 ύμυξε
398 1761 467 1819 κατὰ
485 1758 556 1842 ῥέθος
568 1760 746 1841 Ἆρρογένιια,
957 1790 1032 1841 super
1040 1793 1089 1842 qua
1099 1779 1229 1844 pulchram
1239 1782 1358 1834 lacerarit
1373 1783 1459 1834 taciem
1470 1786 1645 1848 Spuma-nata,

160 1846 205 1903 καὶ
220 1847 308 1926 γοερὸν
322 1848 405 1917 λύζων
419 1849 595 1928 ἐστονοίχησεν
610 1849 710 1930 'tipoc
988 1869 1012 1917 et
1021 1867 1178 1918 lacrimosum
1191 1869 1335 1933 singultiens
1344 1872 1463 1936 ingemuit
1476 1875 1558 1923 Amor.
1633 1873 1741 1924 {lectum

125 1934 158 1992 Et
169 1933 199 2005 ,δ’
209 1936 237 1993 ού
250 1935 391 2012 πάγκοινον
406 1935 501 2008 δούλην
515 1935 574 1994 otro
590 1936 693 2017 κέρδεος
703 1936 796 2009 εὐνὴν,
956 1954 1050 2005 sivero
1061 1970 1109 2006 non
1120 1959 1398 2010 communemomnibus
1410 1963 1435 2010 ct
1451 1975 1552 2012 sermm
1567 1961 1629 2011 lucri
1649 1962 1745 2014 lecisset

160 2020 260 2090 Ἑλλὰς
272 2022 363 2096 &utils
373 2022 498 2098 Ἑλένης,
513 2025 588 2096 τῆσδ’
602 2024 668 2103 ύπερ
681 2025 743 2106 ἔσχε
759 2026 849 2085 πόνον.
988 2045 1159 2107 Graeoia,utob
1168 2046 1742 2110 llelenam,stclruJ'uscausababuissetbellum.

248 2191 317 2242 aas.
338 2183 548 2244 ss0ltltl110i
569 2184 784 2245 naut'upot.
1167 2209 1220 2254 νιν.
1239 2207 1370 2254 nonunt
1387 2207 1537 2257 runroms.

120 2347 154 2409 ‘ll
170 2348 200 2406 τὸ
214 2347 294 2406 καλὸν
305 2349 350 2407 καὶ
364 2358 445 2408 πᾶσιν
460 2350 585 2430 ἐράσμιον
599 2351 754 2427 ἀνθήσασα,
955 2364 1018 2418 Quae
1031 2359 1162 2423 pulchrum
1174 2364 1199 2411 ct
1208 2362 1305 2412 cundia
1319 2362 1449 2412 amabilem
1463 2363 1655 2426 liorem-floruit,

159 2439 176 2506 ή
192 2434 275 2511 μούνη
289 2434 411 2514 Χαρίτων
425 2437 511 2515 λείριοι
525 2437 676 2517 δρεψαμένη
684 2483 693 2512 ,
988 2461 1043 2510 quse
1055 2448 1108 2498 sola
1117 2449 1257 2499 Gratiarum
1267 2449 1424 2514 ldieearpsit,

120 2524 206 2583 οὐκέτι
217 2525 410 2604 χρυσοχάλινον
424 2528 473 2606 δρᾶΙ
491 2525 586 2604 δρόμον
599 2523 698 2596 ἠελίοιο
955 2533 1118 2598 non-amplius
1131 2536 1393 2586 auroolreno-rectum
1407 2537 1484 2587 cernit
1498 2551 1598 2587 cursum
1608 2536 1666 2587 solis

158 2607 242 2691 Λαίς,
259 2611 385 2689 ἐκοιμήθη
403 2615 426 2673 δ’
440 2613 519 2674 ὕπνον
533 2613 709 2694 ὀροιλόμενον,
985 2624 1056 2682 Lals3
1071 2623 1115 2673 scd
1125 2623 1272 2675 obdormivit
1283 2637 1398 2674 somnum
1410 2624 1534 2686 debitum,

119 2701 240 2778 κώμους,
258 2701 350 2762 καὶτὰ
364 2704 429 2762 νέων
440 2701 602 2778 ζηλώματα,
620 2701 665 2760 καί
676 2701 710 2761 ed
721 2703 867 2762 materiarios
955 2711 1088 2772 convitiis,
1102 2714 1127 2762 et
1133 2713 1255 2776 juvenum
1265 2712 1444 2774 rivalitatibus,
1455 2717 1480 2764 et
1489 2713 1624 2764 amaritium
1655 2713 1736 2779 [oens.

158 2789 292 2866 κνίσματα
301 2835 309 2865 ,
325 2790 369 2848 καὶ
385 2791 487 2867 μύστην
500 2791 592 2870 λύχνον
606 2789 786 2868 ἀπειπαμένη.
990 2798 1185 2848 vellicationibus
1200 2802 1225 2849 et
1245 2801 1512 2851 secretorum-consciae
1528 2802 1636 2852 lucernre
1653 2803 1742 2854 valedi-

232 2956 299 3006 σου.
316 2948 488 3008 artemi
507 2947 795 3008 ΣΧΟΑΑΣΤΙΚΟΥ.
1124 2963 1177 3006 ιιι.
1196 2958 1346 3006 aonrnrn
1362 2959 1565 3008 senonasrtcr

117 3093 231 3176 Ἔρπων
247 3099 282 3164 εἷς
296 3097 412 3181 Ἐφύρην
422 3098 505 3180 τύρον
518 3100 627 3180 ἔδρακον
643 3102 712 3183 cippi
726 3100 847 3161 κέλευθον
958 3106 1057 3157 Vedcns
1080 3108 1203 3172 Ephyram
1225 3106 1412 3170 (corinthum)
1432 3121 1520 3158 versus
1534 3106 1676 3172 sepulcrum
1693 3107 1742 3156 ridi

158 3183 259 3252 Λαίδος
271 3187 399 3267 ἀρχαίης,
413 3190 448 3254 ώς
459 3186 489 3246 τὸ
503 3187 632 3268 χάραγμα
647 3189 726 3267 λέγει.
985 3195 1066 3245 Laidis
1074 3195 1180 3256 veteris,
1195 3197 1224 3244 nt
1236 3195 1367 3258 inscriptus
1379 3195 1468 3246 titulus
1479 3195 1577 3244 indicat.
1594 3193 1744 3258 [juxtariam

117 3273 210 3353 Δοίιιρυ
226 3274 249 3331 δ’
264 3275 431 3348 ἐπισπείσας,
444 3302 455 3328 ι
468 3275 585 3355 Καίροις,
598 3275 685 3355 γύναι,
701 3280 731 3336 ἐκ
748 3276 798 3359 γὰρ
811 3282 908 3350 δκουής
956 3289 990 3335 Ac
1003 3285 1128 3334 lacrimam
1136 3284 1263 3346 instillans,
1277 3305 1289 3328 ιι
1301 3285 1399 3346 Valeas,
1412 3285 1509 3347 mulier,
1529 3299 1585 3334 nam
1598 3298 1630 3336 ex
1647 3285 1712 3335 lama

160 3391 173 3414 ιι
194 3363 315 3445 οἰκτείρω
325 3363 355 3423 σί
368 3367 405 3442 γ’,
423 3391 434 3418 ι
450 3365 529 3446 ίρην,
546 3393 558 3416 ιι
572 3365 604 3437 ἦν
619 3366 702 3446 πιίρος
716 3369 762 3426 οὐκ
774 3365 876 3443 ἰδόμην.
988 3391 999 3415 ιι
1017 3371 1134 3422 misereor
1145 3373 1198 3434 tui,
1212 3394 1223 3416 ιι
1238 3372 1301 3433 diri,
1320 3394 1331 3416 ιι
1347 3387 1423 3436 quam
1436 3374 1495 3424 olim
1506 3387 1555 3424 nou
1566 3373 1618 3424 ridi
1641 3373 1744 3439 [Lethen

118 3440 177 3508 u³d
194 3451 275 3510 πόσον
286 3451 380 3523 ήῖθέιον
393 3451 451 3512 νόον
464 3452 573 3532 ἤκαχες·
587 3455 646 3512 ἀλλ’
658 3455 696 3513 tar
710 3453 801 3526 Λήθην
957 3481 969 3504 ιι
985 3460 1022 3511 Ab
1034 3464 1182 3525 quantopere
1198 3463 1319 3525 juvenum
1337 3463 1446 3512 numum
1463 3463 1601 3528 pupugisti!
1616 3463 1664 3514 Sed
1684 3476 1741 3514 eooo

159 3562 171 3588 ι
187 3537 286 3610 ναίοις,
309 3533 422 3617 ἀγλαίην
440 3541 466 3598 έν
477 3540 551 3634 χθονί
566 3541 723 3616 κατθεμένη.
740 3567 752 3594 ι
931 3571 932 3574 “
989 3549 1310 3613 ιίιιουίίι,μιι1οίιιν”ίυ(1ἱιιοιιι
1317 3551 1741 3616 intellurepostquamdaposuisti.›=

155 3844 201 3889 Per
212 3855 284 3906 quem
295 3841 422 3901 transistis,
432 3852 534 3908 quantus
547 3841 566 3891 is
580 3842 640 3908 ignis
650 3846 716 3893 erat!
1194 3861 1250 3908 στρ,
1266 3862 1371 3894 rounam
1384 3862 1511 3906 susionis,

348 3953 406 4002 ard.
421 3968 553 4000 emanarat
571 3968 681 4014 srnonrr,
1283 3949 1416 3999 decadem.

454 4063 484 4110 de
499 4061 578 4114 Laride.
956 4062 1016 4121 Quae
1025 4058 1126 4109 iormosa
1139 4060 1205 4126 prius
1218 4060 1332 4112 vernabat
1344 4060 1446 4110 amabile
1458 4060 1559 4122 cunctis,

990 4141 1045 4191 Sola
1059 4151 1142 4191 tenens
1153 4141 1235 4204 liores,
1248 4134 1331 4193 Gratia
1342 4151 1425 4204 terna,
1437 4152 1503 4204 tuos,

956 4225 1012 4273 Non
1024 4223 1090 4273 ridet
1103 4225 1276 4290 auricomijam
1285 4224 1341 4276 solis
1353 4223 1443 4274 lumina
1455 4224 1522 4285 Lais,

991 4307 1061 4358 Victa
1073 4309 1114 4358 sed
1128 4319 1218 4360 aeterno
1230 4308 1337 4359 membra
1347 4324 1434 4375 sopore
1441 4308 1519 4372 jacet;
1541 4347 1549 4358 t

956 4394 1053 4455 Vosque
1064 4389 1154 4457 epulae,
1168 4391 1242 4452 dixit,
1252 4392 1367 4456 juvenum
1380 4399 1500 4439 certamen
1509 4427 1516 4455 ,
1526 4389 1612 4439 auroris

989 4471 1086 4538 lurgis,
1099 4483 1122 4522 et
1134 4475 1226 4528 arcariis
1238 4473 1283 4522 sida
1295 4472 1404 4529 lucerna,
1417 4473 1478 4522 sale.

122 4175 200 4234 Quam
211 4171 291 4221 decuit
301 4172 365 4222 lusus
372 4209 380 4234 ,
392 4189 463 4238 quani
477 4189 583 4239 purpura
593 4188 687 4239 semper
700 4182 723 4222 ct
737 4189 835 4232 attritur,

155 4259 206 4305 Prrc
217 4271 265 4321 qua
276 4264 313 4305 sat
322 4255 401 4306 mollis
411 4272 459 4305 nou
469 4255 514 4306 init
522 4257 571 4322 ipsa
583 4261 679 4318 Venus,

128 4338 197 4386 laida
209 4337 358 4403 complector
372 4353 378 4386 :
392 4337 450 4387 ciris
461 4355 513 4404 quae
525 4337 626 4404 pulchra
636 4337 758 4394 Corinthi,

157 4421 254 4468 lirenea
266 4421 337 4469 nireo
351 4436 452 4487 corpore
464 4422 518 4470 ricit
534 4437 616 4486 aquas.

126 4502 233 4550 Mortalis
245 4501 380 4568 Cytherea,
391 4503 469 4568 procis
483 4519 531 4551 nou
543 4503 660 4568 Tyndaris
674 4521 741 4570 acque

154 4581 247 4632 Floruit
258 4599 264 4634 :
277 4583 340 4633 barre
349 4583 430 4650 plures
440 4601 494 4633 nana
505 4583 597 4650 petiere
609 4583 667 4642 riri,

124 4664 207 4714 Dulcia
217 4675 343 4732 carpentes
353 4666 441 4715 renatis
450 4667 534 4731 gartdia
546 4665 611 4736 loeti.

156 4750 219 4798 llinc
230 4765 329 4799 croceus
339 4751 432 4800 tumulo
444 4767 509 4800 nunc
521 4767 617 4817 quoque
629 4751 702 4816 surgit
715 4752 782 4802 odor.

128 4831 256 4895 L'nguentis
268 4833 310 4882 scd
325 4842 348 4883 ct
362 4833 411 4899 ipsa
424 4835 520 4883 madent
534 4833 693 4899 fragrantibus
705 4851 755 4884 ossa
958 4827 1096 4878 Adveniens
1105 4829 1219 4896 Ephyren
1234 4845 1281 4894 qua
1296 4829 1343 4878 lert
1356 4829 1394 4878 ria
1408 4843 1481 4878 cerno
1493 4825 1664 4893 sepulchrum,

156 4915 185 4962 lit
194 4912 276 4963 nitidae
286 4913 379 4980 spirant
391 4931 438 4964 non
452 4916 497 4965 nisi
510 4915 584 4966 thure
596 4931 679 4966 comte.
965 4967 969 4974 ,
992 4910 1083 4959 Littera
1096 4913 1161 4976 quod
1173 4912 1256 4978 priscae
1267 4911 1352 4961 Laidos
1364 4927 1414 4960 esse
1423 4911 1492 4960 docet
1499 4944 1507 4972 ,

123 4997 199 5061 liujus
210 4998 271 5046 lasa
280 5013 352 5062 genas
362 4997 387 5047 in
399 4997 482 5049 funere
494 5008 571 5049 mater·
584 5003 701 5050 Amorum
958 4993 1075 5058 Flensque
1087 4996 1187 5046 salutari
1195 5033 1202 5056 ,
1211 5000 1294 5062 'leque
1304 5005 1343 5056 ut,
1355 4993 1532 5060 pulcherrima,
1547 4991 1611 5052 dixi,

158 5079 269 5141 Adstitit,
283 5089 306 5129 et
317 5080 406 5145 gemitu
417 5091 513 5147 pectora
523 5097 621 5148 quassus
632 5085 716 5131 Amor.
993 5079 1043 5126 Nec
1054 5078 1125 5128 risam
1139 5080 1248 5142 miserm,
1260 5079 1334 5129 didita
1344 5078 1407 5128 iama
1420 5077 1485 5126 lacit.

122 5163 180 5208 ttae
196 5160 241 5211 uisi
254 5161 299 5212 sub
312 5163 390 5230 pretio
400 5165 513 5231 patuisset
526 5165 636 5232 publica,
650 5174 739 5231 ‹pnanta
959 5159 1023 5209 Olim
1040 5168 1075 5209 tot
1086 5162 1201 5226 juvenum
1213 5162 1302 5212 torsisti
1313 5169 1424 5227 pectora:
1439 5157 1531 5208 Lethen

158 5248 190 5295 Ex
203 5247 294 5298 Helene
308 5248 397 5298 Danais
406 5246 464 5300 binc
477 5260 527 5301 satu
541 5250 605 5301 bella
618 5249 707 5300 iurent.
996 5245 1144 5307 Naucratis,
1155 5255 1179 5295 et
1191 5255 1255 5296 terra
1266 5245 1361 5296 condita
1373 5243 1449 5293 forma
1459 5251 1499 5292 tua
1512 5249 1557 5295 esi.

1187 4625 1244 4658 ΜΟ.
1260 4625 1374 4658 aarum
1389 4623 1517 4672 (tumul,

1281 4716 1310 4766 de
1322 4715 1414 4768 eodem.
