3968 5948
21 661 22 696 l

21 801 23 844 l

21 875 22 934 ι

566 418 691 483 CAPUT
710 426 759 485 Vl.
785 428 1065 496 EPIGRAMMA
1086 439 1354 508 DEDlGA'lORlA.

189 539 362 622 πυρριτρράφους
380 567 405 603 τε
422 545 524 626 ῥιπίδας
538 551 717 697 πορδρηνέμοιρς,

187 629 273 705 ἠθμόν
288 654 317 688 τι
335 633 437 692 πουλύτ
438 641 576 714 ρ,ἠδητον
578 639 767 786 ὲτετράπουν,

186 715 265 795 πυρὸς
224 719 360 798 ροςγέφυρ
347 742 394 798 ραν
404 721 511 803 ἐ,σχάρ
512 747 574 795 ηνκ
578 729 640 806 ρδεη
640 729 719 805 άκον,

141 815 152 848 i
185 805 337 886 ζωμήροοίν
351 831 380 867 τε
394 809 442 880 τὴν
456 813 546 879 λίπους
559 817 721 896 ἀφρηλάγον,

184 896 250 968 ὁμοῦ
259 895 376 976 κρεάγρῃ
389 903 422 977 τῇ
437 923 463 958 οι
466 901 528 980 δηρο
516 903 668 986 οδακτίιλῳ,

184 985 217 1059 β
219 984 366 1057 αουοκελὴς
380 983 529 1090 Ηφριιστε,
545 1013 585 1050 σοι
575 991 737 1071 Τιμαοιων

183 1067 320 1142 toanis
305 1077 392 1149 ακμῆς
405 1075 475 1152 γυῖον
486 1077 685 1158 ὠρφανωμίνος.

403 1221 543 1274 102T01'
561 1230 667 1280 ΑΥΤΟΥ.

137 1342 234 1415 ‘Postu
247 1343 424 1426 ξανθοχίτωνα
435 1354 625 1436 ,γεραιόφλοιά
640 1383 668 1418 τε
680 1384 765 1442 ουκα,

179 1431 228 1488 καί
241 1432 331 1511 ῥοδέας
345 1439 509 1517 σταφυλῆς’
494 1465 567 1516 orpes
582 1447 763 1523 ἀποσπάδιον,

136 1519 224 1594 μῆλόν
239 1521 309 1579 θ’
278 1543 311 1591 ηο
300 1519 408 1582 ῧῦπνουν
423 1527 518 1609 λεπτῇ
521 1534 708 1611 πεποκωμένον
721 1537 803 1618 ἄχνῃ,

177 1607 223 1664 καὶ
237 1607 334 1688 κάρυον
346 1612 457 1691 χλωρῶν
470 1619 578 1698 ἐκφανὲς
589 1623 618 1679 ἐκ
630 1623 762 1699 λεπίδων,

136 1695 182 1752 καὶ
201 1697 292 1756 σίκυον
306 1699 456 1780 χνοάοντα,
470 1703 512 1763 τὸν
525 1709 552 1764 ἐν
566 1709 672 1788 φύλλοις
686 1714 859 1794 πιδοκιιίτην,

176 1783 222 1842 καὶ
234 1785 333 1864 πέρκην
347 1787 398 1860 ἤδη
419 1793 595 1872 χρυσοχίτιυν’
611 1799 708 1873 ἐλάην,

135 1872 191 1946 coi,
209 1875 329 1953 putot·
318 1899 360 1935 τοι
376 1879 500 1958 Πρίηπε,
515 1887 702 1974 φυτοσκάφος
693 1890 782 1952 άνθιτο
800 1893 920 1970 Δάμων,

174 1958 234 2018 δι’“
190 1979 291 2039 sepsos
302 1964 347 2022 καὶ
360 1967 440 2044 γυίοις
453 1968 591 2050 εὐξάμενος
606 1975 731 2042 οοιλεοειν.

332 2187 335 2192 μ
395 2115 453 2166 103.
474 2121 534 2166 ΤΟΥ
552 2124 662 2174 ΑΥΤΟΥ.

133 2236 261 2315 Στάθμην
275 2241 381 2312 ἰθυττνῆ
397 2243 578 2326 potata-poto,
592 2251 732 2330 δουριτυπῆ
746 2277 775 2313 τε

170 2329 286 2404 σφῦραν,
301 2328 346 2385 καὶ
360 2330 439 2409 γυρλς
457 2333 614 2413 ἀμφιδέτους
629 2337 735 2418 άρίδας,

131 2434 175 2468 και
164 2411 293 2470 στιὸο
272 2436 314 2492 ρον
326 2415 438 2476 πέλεκυν
458 2424 668 2529 φτελεχητόμον,
681 2427 817 2507 ἰθύδρομόν
827 2455 855 2492 τε

168 2499 282 2578 πρίονα,
299 2505 410 2585 μιλτιίῳ
423 2507 558 2586 στάγματι
573 2513 739 2591 πειθόμενον,

133 2586 291 2663 6p666666’
305 2592 489 2708 66psoipscpot,
508 2596 616 2679 τέρετρά
629 2625 656 2659 τε
667 2605 876 2687 ,μιλτοχαρῆτε

159 2676 289 2786 opo'ipou,
304 2682 340 2738 ὖπ
342 2682 503 2766 ’ἄκρονάχῳ
512 2688 682 2766 ψαλλομιίνην
696 2693 801 2769 κανόνι,

131 2763 238 2834 αοὶ,κοο
193 2768 437 2882 666poppluoop66m,
448 2773 619 2856 Λιάντιχος”
600 2801 691 2836 ωπιισε
711 2781 810 2860 δῶρον,

166 2853 240 2921 ἄνθος
255 2857 367 2915 6666'
323 2883 403 2936 γυιων
417 2871 469 2920 πᾶν
483 2863 617 2923 ιἰπίδυοι
610 2866 711 2944 χρόνος.

390 3007 448 3059 104.
468 3012 527 3057 ΤΟΥ
544 3014 651 3060 ΑΥΤΟΥ.

128 3126 315 3208 Σπερμοφάρον
328 3130 418 3210 πήρην
429 3133 574 3214 ὠραχθία,
585 3136 770 3198 κῶλεσίάιυλον

164 3245 281 3304 epopeus,
297 3250 343 3286 και
334 3228 467 3311 γαμψὰς
481 3234 638 3313 πυρολάγους
651 3237 797 3316 δρεπάνας,

125 3333 168 3366 και
158 3310 319 3391 τριὸολους
339 3316 404 3384 ὀξεῖς
420 3323 487 3398 ἀχυρ
489 3320 611 3399 ότριὸας,
624 3324 746 3398 ἱστοὸάην
761 3349 789 3384 τι

162 3401 206 3460 obs
220 3410 310 3480 γυροῖς
322 3406 457 3485 α’ράιροις,
473 3408 518 3466 καλ
530 3410 662 3490 φιλόγαιον
680 3412 749 3486 ὕνιν,

125 3485 217 3568 κέντρα
232 3513 248 3547 τ
249 3493 442 3572 ’ὀπισθονυγῆ,
453 3497 497 3554 καί
513 3500 661 3580 βουστρόφα
676 3502 906 3580 δεομὰτενόντιον,

161 3579 205 3635 καὶ
221 3603 237 3636 τ
239 3579 348 3658 ρίνακος
364 3581 483 3655 ξυλίνας,
498 3592 620 3666 χεῖραςά
624 3590 807 3668 ρουροπόνιον,

123 3687 164 3740 pot
153 3664 257 3726 “’.ίίτε
247 3670 381 3748 πηρωθεὶς
394 3670 532 3740 Λνσίξινος
543 3673 640 3734 αὔλακι
652 3681 737 3759 πολλῇ

128 3793 736 3821 ---..........-,,,,-,

119 3860 249 3924 tollesque
259 3859 359 3912 tiammae
375 3863 520 3914 ventilantes
534 3857 661 3933 spiritum,

119 3944 256 4010 tlolumque
270 3946 349 3996 multis
363 3948 473 4014 persium
489 3951 614 4010 meatibus,

120 4028 230 4095 ignisque
245 4040 346 4096 pontem
360 4033 538 4101 quadrupedem
548 4037 703 4102 craticulam,

119 4115 149 4160 Et
161 4113 311 4164 auferentem
325 4117 438 4166 carnibus
450 4134 544 4184 spumas
557 4129 650 4182 truam,

118 4195 209 4260 Digitus
217 4197 326 4249 habente
335 4199 425 4252 terreos
433 4219 488 4252 cum
503 4202 607 4261 luscino.

117 4281 226 4331 Vulcane
237 4283 340 4340 claude,
353 4285 393 4334 dat
403 4283 447 4335 tibi
460 4287 580 4346 Timaaio,

116 4365 174 4412 Jam
188 4365 297 4415 membra
312 4375 336 4415 et
351 4366 401 4432 ipse
411 4368 538 4420 destitutus
547 4371 644 4424 robore.

414 4538 469 4572 102.
489 4539 610 4575 mirim-

109 4675 260 4725 Grandaesas
272 4673 331 4726 ficus
348 4685 372 4725 et
387 4679 474 4742 punica
488 4678 580 4729 cortice
593 4679 657 4731 tlara
665 4717 674 4743 ,

145 4761 177 4807 Et
191 4775 247 4808 cum
257 4759 461 4828 palmitibusque
475 4762 542 4813 venit
553 4781 599 4814 ιινιι
612 4765 676 4828 suis,

107 4844 139 4889 Et
154 4851 253 4905 gratum
262 4841 328 4908 quod
337 4844 387 4894 olet
396 4851 480 4895 tenera
495 4845 608 4912 lanugine
619 4848 717 4914 malum,

142 4925 262 4990 Quasque
276 4926 356 4992 aperit
366 4927 452 4977 leriter
464 4927 522 4978 bins
535 4929 617 4980 carina
628 4946 719 4994 nuces,

105 5009 135 5054 Et
152 5005 259 5056 uiridem
270 5007 347 5058 multa
360 5009 482 5060 cucumim
491 5011 535 5060 sub
544 5011 630 5062 lronde
639 5012 770 5079 jacentem,

139 5093 255 5153 Quaque
266 5105 327 5140 auro
340 5107 416 5158 prope
424 5093 475 5158 jam
487 5095 602 5146 concolor
614 5105 650 5147 est
661 5098 714 5147 olea
729 5114 735 5149 ι

103 5175 165 5226 lota,
185 5171 281 5237 Priape,
298 5172 344 5222 tibi
356 5173 415 5224 dans
426 5180 516 5228 Lamon
528 5179 591 5228 dona
602 5179 702 5230 colonus

137 5254 246 5303 Florerc
259 5263 283 5303 et
296 5254 412 5306 membris
423 5268 491 5326 optat
503 5269 527 5311 et
541 5259 680 5312 arboribus.

226 5371 387 5411 tmuowett.
401 5369 419 5412 l·

983 566 1027 616 ct
1020 581 1109 632 ignem
1100 570 1202 622 -aleutes
1215 573 1285 625 folles
1302 579 1592 644 rentum-ministrantes,

981 655 1110 719 oolumque
1122 659 1292 724 multilorum,
1304 667 1330 714 et
1341 665 1529 731 quadripedem,

980 741 1042 806 ignia
1054 747 1166 808 pontem,
1177 747 1286 799 loculum
1303 753 1582 820 carnibus-recipiendis,

979 832 1003 880 et
1012 831 1125 883 cochlear
1138 834 1203 900 adipi
1217 836 1401 904 despumando,

978 929 1099 971 una-oum
1112 921 1250 989 harpagone
1262 927 1451 994 tenesuigitis,

977 1006 1108 1071 tardipeso
1119 1011 1242 1074 Vulcano,
1254 1013 1299 1064 tibi
1309 1015 1415 1069 Timasio

906 1087 909 1092 “
975 1095 1060 1158 posuit
1092 1097 1180 1150 robore
1193 1100 1465 1158 inmembrisorbatus.

1253 1247 1306 1294 602.
1329 1256 1480 1300 stoeben.

973 1371 1365 1458 uum-puumauva-veoe,
1379 1398 1590 1451 essenus-corace
1603 1401 1677 1464 acus,

1002 1476 1028 1526 et
1036 1488 1114 1526 roseae
1125 1477 1183 1529 vitis
1195 1481 1298 1531 crudum
1313 1483 1585 1550 seruolum-abscisum,
1681 1490 1755 1554 [lere‚

973 1562 1111 1640 malunmue
1130 1565 1324 1632 doleo-spirans,
1341 1571 1410 1621 tenui
1432 1572 1545 1638 lanugine
1566 1577 1757 1630 tectum-ntuet-

1000 1655 1026 1703 et
1037 1667 1147 1705 nuceme
1161 1655 1278 1708 viridibus
1290 1659 1427 1711 elucentem
1439 1663 1584 1726 corticibus,

970 1744 995 1790 et
1006 1755 1163 1794 moumerem
1177 1745 1310 1810 virentem,
1321 1749 1364 1811 qui
1378 1749 1553 1812 trunti-jnoetin
1567 1753 1644 1814 loliis,

999 1832 1024 1880 et
1039 1833 1319 1900 maturescentem‚jam
1330 1841 1496 1900 aurea-veste,
1509 1839 1602 1899 oleam,

967 1919 1026 1982 tibi,
1047 1922 1267 1976 amice-hortorum
1287 1927 1386 1992 Priape,
1410 1930 1644 1994 plantarum-loeson
1663 1933 1754 1986 dicavit

997 2008 1124 2063 arboribus
1133 2015 1159 2064 et
1170 2013 1288 2066 membris
1301 2019 1418 2080 precatus
1428 2019 1521 2070 florem.
1634 2021 1751 2086 [Lamon.

1245 2158 1298 2203 103.
1322 2165 1472 2208 utusnstt.

964 2281 1749 2354 Amussimreetam,plumbogravatam‚lignumque-lerientem
1857 2319 1858 2323 ¹

995 2368 1125 2432 malleum,
1139 2372 1164 2422 et
1178 2385 1267 2423 curvas
1276 2374 1509 2438 utrimque-vinctas
1527 2373 1624 2441 arides,

963 2458 988 2506 et
1003 2457 1092 2508 sortem
1103 2459 1209 2522 asciam,
1222 2463 1483 2528 quo-truncassent,
1499 2468 1525 2523 et
1533 2469 1750 2522 recta-currentem

993 2559 1100 2609 serram,
1110 2546 1217 2598 rubrica
1230 2549 1303 2602 stillis
1314 2550 1482 2615 obedientem,

961 2633 1121 2697 terebraoque
1139 2638 1336 2700 manu-tractas,
1351 2639 1473 2704 aliasque,
1488 2645 1513 2693 et
1529 2643 1749 2708 rubrica-gauden-

991 2723 1090 2784 restim,
1101 2729 1368 2790 summo-ungue-tacta
1383 2727 1520 2779 vibrantem
1530 2731 1626 2795 regula,
1688 2733 1751 2798 [tom

960 2809 1018 2871 tibi,
1035 2809 1104 2874 virgo
1116 2811 1461 2874 castis-ocutis,oeontichus
1477 2816 1582 2880 prebuit
1592 2818 1698 2881 donum,

990 2898 1048 2962 quia
1061 2898 1146 2949 liorem
1165 2901 1331 2951 menrbrorum
1345 2915 1442 2953 omnem
1460 2905 1484 2952 et
1497 2905 1564 2954 exuit
1574 2909 1681 2968 tempus.

1239 3036 1289 3082 106.
1313 3043 1466 3086 EIUSDEM.

958 3159 1184 3212 Semina-terentem
1190 3177 1284 3227 peram,
1291 3163 1474 3224 humeroenus,
1481 3167 1507 3216 et
1517 3165 1743 3229 glebossotventem

988 3250 1117 3311 malleum,
1128 3253 1153 3300 et
1165 3264 1254 3300 curvas
1267 3251 1532 3316 triticum-colligentes
1542 3253 1633 3318 falces,

956 3341 981 3388 et
992 3339 1082 3389 tribula
1094 3343 1179 3402 acuta,
1192 3341 1492 3406 quse-lollioulostricant,
1503 3344 1528 3393 et
1539 3344 1663 3395 temonem

987 3440 1045 3476 oum
1057 3427 1138 3478 curvis
1149 3428 1248 3491 aratris,
1264 3431 1289 3479 et
1299 3429 1495 3480 terre-amicum
1507 3443 1647 3492 vomerem,

954 3515 1115 3580 stimulosque
1124 3519 1376 3584 a-tergopungeotes,
1390 3521 1415 3569 et
1423 3517 1631 3570 boveslleoteutia
1644 3519 1742 3571 vincula

985 3607 1010 3654 et
1022 3603 1141 3656 tridentes
1152 3605 1259 3670 ligneos,
1273 3619 1363 3657 manus
1379 3609 1516 3670 aratorum,
1612 3608 1741 3673 [crurum,

955 3692 1040 3752 utpote
1052 3690 1163 3742 membra
1171 3695 1302 3744 uuncatue
1314 3692 1450 3756 Lysixenus
1463 3694 1571 3746 aratione
1580 3695 1658 3747 multa

1251 3877 1306 3924 103.
1320 3893 1437 3926 suusnsu.

951 3981 1101 4032 Malleushic
1112 3982 1202 4048 lignum
1213 3981 1308 4045 seriens,
1327 3984 1572 4051 perpendiculumque

985 4063 1180 4131 Plumbisequum
1191 4073 1216 4115 et
1224 4064 1283 4115 lines
1294 4065 1374 4115 uincta
1388 4063 1486 4115 scobina
1503 4067 1577 4126 duos,

951 4145 1097 4213 Roboraque
1109 4147 1205 4198 incussu
1216 4147 1350 4198 discindere
1363 4157 1419 4197 nata
1428 4147 1526 4210 securis,

983 4234 1013 4280 Et
1027 4230 1102 4281 minio
1111 4230 1180 4282 lactis
1193 4232 1278 4282 emula
1292 4247 1357 4280 serra
1368 4230 1447 4293 notis;

949 4317 979 4363 Et
991 4313 1081 4364 serrum
1093 4315 1157 4380 quod
1169 4314 1232 4379 ligna
1241 4314 1313 4375 forat,
1329 4314 1487 4380 terebreque,
1499 4313 1635 4380 rubensque

983 4395 1062 4445 Restio
1080 4397 1111 4446 ab
1124 4406 1232 4446 extrema
1244 4405 1320 4447 tactus
1330 4412 1422 4456 amasse
1433 4396 1495 4446 latus
1509 4411 1516 4446 ι

949 4481 1006 4528 lieo
1020 4477 1065 4528 tibi
1078 4487 1144 4540 sunt,
1159 4478 1252 4540 Pallas,
1267 4495 1319 4544 quas
1337 4480 1400 4529 dona
1412 4477 1558 4529 Leontichus
1570 4477 1656 4544 ollert,

983 4560 1093 4609 Deseruit
1107 4560 1220 4626 quoniam
1233 4570 1340 4628 tempore
1350 4561 1461 4611 membra
1475 4560 1548 4625 uigor.

1246 4669 1301 4722 tot.
1322 4677 1441 4712 asusnaaa.

949 4759 1056 4810 Pendere
1069 4776 1099 4810 ex
1111 4759 1219 4811 humeris
1228 4762 1324 4826 solitam
1336 4777 1391 4812 cum
1403 4761 1494 4812 semine
1505 4775 1602 4828 pernam

981 4842 1180 4911 Malleolumque,
1191 4854 1215 4895 et
1227 4861 1280 4911 quae
1288 4845 1350 4896 falce
1361 4855 1452 4896 resecta
1461 4846 1549 4905 Ceres,

948 4929 978 4976 tto
992 4926 1066 4992 paleis
1077 4926 1155 4994 fruges
1166 4929 1291 4994 pungentia
1308 4929 1408 4990 tribula,
1424 4943 1526 4993 cumque

981 5013 1087 5059 vomere
1096 5017 1217 5060 temonem
1235 5011 1343 5061 scindere
1352 5021 1408 5059 nata
1419 5010 1507 5072 solum,

947 5096 979 5144 ltt
993 5094 1101 5143 stimulos
1112 5095 1224 5160 colloque
1235 5095 1309 5144 boves
1321 5093 1439 5143 versantia
1453 5094 1514 5155 lora,

980 5181 1011 5226 Et
1023 5177 1114 5227 friscam
1127 5189 1230 5240 vestras,
1243 5173 1330 5229 rustica'
1344 5179 1423 5234 turba,
1436 5191 1518 5225 manus
1532 5189 1539 5224 ε

948 5265 1055 5313 eornore
1066 5270 1091 5313 et
1103 5262 1154 5318 inse
1165 5261 1243 5314 tereos
1255 5262 1333 5312 sulcos
1347 5262 1491 5327 Lysistratus
1502 5257 1577 5322 omni,

1598 5367 1625 5409 12
