3946 5952
514 649 731 742 BREVIS
770 645 1112 737 ANNOTthO
1151 645 1209 732 ΙΝ
1249 642 1442 733 curbi
1483 642 1558 731 iv.

888 865 1166 902 ψ

262 1107 280 1157 l.
296 1105 376 1156 Schol.
390 1127 395 1154 :
411 1106 476 1160 οὗτος
489 1107 501 1152 ὁ
522 1099 651 1166 Μελέαγρος
662 1104 742 1158 Φοῖνιξ
751 1101 778 1161 ἦν
791 1100 1008 1157 &censionarium
1058 1113 1081 1162 p.
1093 1103 1122 1150 si
1131 1099 1153 1156 l:
1169 1097 1239 1147 «sed
1248 1101 1379 1160 utmyrlus
1388 1095 1460 1145 arbor
1468 1099 1506 1146 est
1516 1095 1605 1145 l'eneri
1619 1108 1702 1155 sacra,
1717 1095 1752 1144 ita
1767 1097 1839 1144 mas

230 1179 329 1228 πόλεων.
352 1175 492 1239 (Etpaullo
506 1173 609 1222 hiterius
630 1193 636 1221 ι
654 1174 689 1221 θτι
707 1173 861 1235 θθῐελέαγρος
884 1172 1013 1232 Γαθορηνθς
1058 1169 1169 1231 στνφιλὸν
1188 1169 1237 1230 μέλι
1254 1167 1326 1216 unice
1349 1167 1381 1216 ad
1401 1179 1509 1214 amorem
1532 1164 1618 1214 reterri
1646 1170 1756 1230 possunt.
1790 1166 1842 1230 Epi·

230 1251 274 1309 ἦν,
287 1249 314 1298 τὸ
325 1249 390 1308 γένος
400 1246 484 1310 Σύρος·
497 1245 642 1304 ἐτολςύτησιν
652 1245 675 1304 ἰν
686 1243 853 1306 Κῷτῇνήσῳ.
867 1242 875 1300 l
888 1241 1013 1299 Ἐποίησεν
1059 1243 1192 1302 mammete
1215 1238 1289 1302 igitur
1308 1235 1449 1287 Callimachi
1469 1249 1514 1298 pro
1538 1235 1629 1296 hiajore
1647 1239 1716 1299 parte
1742 1237 1840 1286 tuemur

231 1323 255 1369 δὲ
264 1321 304 1369 τὸν
314 1319 443 1380 θαυμάσιον
453 1317 543 1364 τουτονὶ
555 1316 595 1364 τδν
610 1307 660 1376 (sic
674 1326 756 1377 apogr.
772 1317 826 1362 Par.
837 1325 882 1375 pm
897 1311 953 1374 τῶν)
966 1316 1013 1360 τῶν
1059 1310 1171 1360 amatorii
1189 1307 1332 1373 argumenti.
1347 1311 1461 1356 Amorem
1475 1306 1557 1368 πικρὸν
1573 1306 1623 1369 μιλι
1639 1304 1700 1354 dicii
1713 1304 1778 1356 idem
1795 1309 1842 1356 Me·

231 1391 412 1454 ἐπιγραμματων
424 1387 550 1448 στέφανον·
570 1387 690 1444 συνέταξεν
704 1386 728 1434 δὲ
741 1385 801 1432 αὐτὰ
813 1385 872 1432 κατὰ
890 1387 1012 1445 στοιχεῖα·
1059 1381 1140 1444 leagcr
1153 1383 1263 1444 xl1,ep.
1278 1385 1317 1438 ei,
1331 1383 1352 1440 1,
1368 1381 1394 1428 el
1407 1379 1517 1443 γλμκερῆς
1529 1379 1599 1440 ᾶχθος
1616 1375 1696 1434 ὀδύνης
1710 1389 1748 1440 ep.
1762 1383 1804 1436 eii,
1819 1386 1840 1428 θ.

231 1461 289 1508 aiii
301 1461 474 1512 Κωνσταντῐνος
486 1457 499 1504 δ
512 1456 708 1518 ἐπονομαζόμενος
719 1456 824 1514 Kassida:
834 1453 941 1514 συνέχεον
954 1452 1013 1499 αὐτὰ
1059 1455 1090 1502 Et
1103 1452 1154 1515 ipse
1166 1450 1228 1501 deus
1238 1452 1250 1500 i
1262 1452 1415 1513 γλυκύπικρος
1425 1450 1510 1512 Ἔρως,
1523 1469 1534 1490 ιι
1549 1447 1679 1496 Marcellus
1688 1449 1779 1496 Comes
1793 1461 1842 1498 cof.

231 1528 342 1592 ἀφορίσας
351 1529 383 1581 εἰς
395 1525 508 1582 κεφάλαια
518 1525 627 1588 διάφορα,
637 1526 708 1586 ἤγουν
722 1525 821 1586 ἐρωτικὰ
832 1522 896 1576 ἰδίως
909 1521 949 1570 καὶ
959 1522 1014 1569 ἀνα-
1060 1523 1152 1586 rigebat
1164 1522 1220 1582 ἦκέ
1232 1538 1256 1570 τε
1270 1521 1369 1584 μύρτον,
1379 1521 1435 1570 celi.
1447 1533 1471 1568 v.
1487 1523 1514 1570 tt
1527 1523 1597 1568 -13
1607 1519 1731 1580 μούσηισιν
1747 1521 1842 1582 ᾰμςινον

231 1598 344 1661 teucria&
364 1599 403 1646 nei
418 1599 542 1658 ἐπιτύμθια
561 1601 601 1645 καὶ
616 1597 773 1654 indiscussae,
793 1597 824 1648 ὡς
844 1599 883 1641 νῦν
904 1593 1014 1641 bitorica-
1061 1593 1151 1642 Codex.
1165 1593 1252 1642 aditur
1260 1593 1381 1654 Μούσῃσιν
1396 1593 1495 1653 ἄμωμον
1506 1603 1533 1639 ex
1551 1587 1635 1638 Graefii
1648 1591 1674 1638 el
1687 1590 1776 1652 hey-nii
1789 1605 1842 1640 rer·

230 1689 282 1720 κται
295 1671 318 1719 έν
332 1673 367 1730 τῷ
378 1668 474 1730 παρόντι
493 1668 592 1730 πνκτίῳ.
608 1693 636 1703 -
648 1685 659 1708 ν
671 1668 836 1715 liecensentur
846 1662 893 1712 hoc
908 1662 1014 1711 carmine
1059 1663 1178 1714 rectione.
1191 1682 1202 1705 ο
1220 1664 1368 1725 Corruptum
1382 1659 1564 1710 hemistichium
1579 1659 1629 1721 iam
1642 1673 1799 1710 correxeram
1814 1663 1842 1712 ad

230 1739 328 1789 uomhra
338 1739 479 1801 poetarum,
490 1749 504 1785 e
516 1735 725 1798 quorumlusibus
739 1735 858 1798 Meleager
872 1735 1012 1792 Coronam,
1060 1733 1159 1787 zachar.
1172 1732 1248 1796 Mityl.
1267 1747 1291 1781 n.
1305 1737 1357 1792 133,
1371 1745 1395 1796 p.
1415 1737 1474 1790 ani,
1491 1730 1574 1792 ibique
1588 1742 1667 1780 meam
1682 1730 1842 1794 scripturam,

230 1809 255 1858 id
269 1811 307 1858 esi
321 1809 447 1870 syntagma
460 1819 533 1855 snum
550 1805 752 1864 concinnaverat,
763 1807 788 1854 et
803 1802 903 1866 quidem
918 1803 966 1862 ita,
985 1805 1015 1851 ut
1061 1803 1189 1866 repudiata
1212 1802 1349 1866 Meyniaua,
1373 1801 1495 1852 adstruxi.
1520 1803 1580 1850 Post
1598 1799 1719 1862 lieyuium
1744 1801 1844 1852 criticus

230 1876 317 1941 shuguli
331 1879 411 1941 poete
424 1890 480 1926 cum
494 1875 594 1940 singulis
609 1875 711 1926 tloribus
727 1877 752 1924 et
771 1873 900 1924 arboribus
919 1886 1015 1935 compa·
1060 1875 1152 1938 Augus
1165 1875 1190 1924 in
1205 1873 1287 1924 Dianio
1300 1871 1401 1923 classico
1416 1877 1475 1921 tom.
1489 1875 1534 1931 33,
1556 1885 1579 1933 p.
1601 1877 1631 1932 5,
1642 1872 1739 1932 έιμωμον
1753 1872 1844 1922 iterum

232 1951 316 1998 rantur
339 1967 345 1996 ι
367 1960 416 2010 quo
435 1945 541 1996 ducebat
556 1946 608 2008 ipsa
628 1945 709 2009 operis
726 1945 824 1994 titides.
847 1945 875 1994 in
891 1942 1014 1992 nonnullis
1060 1945 1165 2006 iureuit3
1178 1957 1230 2007 quo
1241 1947 1324 1994 umen
1339 1956 1461 1994 consensu
1477 1955 1525 1990 non
1541 1941 1675 1992 dimoreor.
1691 1961 1703 1985 ν
1718 1944 1749 1991 B.
1763 1949 1843 1993 -14,

231 2021 302 2081 pocta
316 2016 498 2067 similitudinem
512 2015 619 2078 aliquam
633 2019 772 2078 aucupatus
785 2019 889 2074 est‚nec
903 2014 928 2062 iu
940 2011 1016 2061 ouini·
1061 2016 1212 2080 periphrasis
1230 2015 1335 2065 nomiuis
1357 2013 1529 2064 Dioscorides.
1553 2043 1582 2056 -
1603 2020 1633 2064 νο
1656 2019 1738 2076 σχῖνον
1761 2015 1843 2064 Reice,

231 2089 278 2138 bns
293 2091 375 2136 minen
389 2101 433 2136 uec
456 2087 560 2149 ubique,
583 2089 612 2136 ui
625 2087 669 2148 qui
681 2085 727 2136 has
741 2085 911 2136 similitudines
930 2083 955 2133 iu
968 2083 1016 2132 siu·
1060 2085 1193 2135 Salmasius
1205 2085 1315 2150 iutelligit
1329 2085 1413 2135 llorem
1430 2084 1499 2146 iunci
1512 2083 1614 2134 odorati.
1630 2114 1660 2126 -
1675 2089 1704 2135 13
1721 2085 1795 2134 ἄνθεα
1808 2089 1845 2136 καὶ

231 2159 295 2222 gulis
307 2158 390 2207 rimari
408 2162 433 2208 et
445 2157 594 2220 perscrutari
607 2157 681 2218 retii,
691 2157 768 2206 mulla
783 2170 857 2220 opera
877 2157 1014 2218 insumpta,
1061 2161 1123 2222 ῥοιῆς
1135 2157 1233 2221 corrigit
1247 2156 1566 2225 61101-13μνρρηναίους
1578 2155 1649 2217 cod,
1664 2169 1724 2206 corr.
1740 2157 1844 2206 Salmas.

232 2231 269 2278 rh
279 2234 361 2279 tarum
369 2229 504 2292 quidquam
520 2228 722 2291 prseterargutias
734 2224 921 2291 prolaturuseit.
932 2245 944 2269 ν
955 2227 1011 2274 tec.
1060 2254 1092 2264 -
1104 2233 1135 2278 30
1155 2228 1259 2291 βλωθρήν
1277 2227 1404 2277 lieclrerus
1421 2229 1458 2288 (l,
1476 2241 1501 2291 p.
1522 2233 1551 2277 83
1566 2229 1639 2289 seqi:
1662 2229 1754 2290 βροντήν
1773 2228 1845 2288 cod,

232 2308 286 2349 -a
301 2302 428 2362 inscissus
438 2299 562 2358 lieislius,
571 2301 636 2348 recte
645 2337 651 2358 ,
660 2301 733 2362 puto,
744 2311 886 2361 quanquam
895 2296 1015 2358 adjective
1061 2298 1175 2363 idemque
1189 2298 1280 2362 οιμέοω.
1291 2301 1316 2347 Σι
1330 2299 1389 2360 pise
1402 2311 1484 2362 apogr.
1496 2301 1551 2348 Par.
1560 2329 1590 2340 -
1606 2304 1632 2348 31
1649 2299 1741 2348 σελίνου
1755 2301 1848 2350 liceis

232 2371 286 2434 rapi
300 2373 395 2433 potest,
407 2373 434 2420 ut
448 2370 595 2432 μουσόπολον
613 2371 725 2429 στέφανον
743 2368 862 2432 Meleager
874 2366 936 2418 dicit
955 2369 1013 2424 1111,
1062 2383 1118 2430 rus,
1133 2369 1187 2420 cell.
1200 2371 1271 2418 Hom.
1288 2367 1334 2417 od.
1344 2371 1378 2427 a,
1393 2373 1422 2418 72
1440 2370 1568 2430 ιλςιμῶνες
1578 2369 1678 2432 μαλακοὶ
1688 2370 1727 2418 lon
1736 2369 1778 2428 ἠδὲ
1789 2371 1848 2420 σελί-

231 2457 269 2505 ep.
285 2447 340 2502 157,
357 2448 380 2492 ο.
396 2441 475 2490 Etiam
491 2440 597 2489 Gratius
610 2441 754 2502 θμνοθετῶν,
772 2438 814 2501 qui
827 2437 932 2487 mutarit
946 2455 958 2479 ν
975 2436 1016 2484 de
1061 2457 1111 2490 νον.
1128 2441 1189 2490 Cod.
1209 2442 1295 2489 σέλινα.
1316 2438 1384 2488 idem
1406 2439 1518 2502 sequenti
1538 2452 1612 2488 rersn
1632 2440 1748 2497 διοκνίξας
1764 2442 1846 2504 polius

232 2514 294 2563 neas
307 2514 395 2560 termas
408 2511 433 2560 hr
445 2510 567 2573 prioribus
577 2509 689 2558 carminis
698 2508 809 2558 distichis
822 2508 921 2568 obrias,
937 2521 1014 2572 quum
1061 2511 1151 2574 requiri
1167 2510 1287 2560 observat.
1304 2515 1389 2559 -31,
1413 2529 1423 2550 ν
1446 2507 1616 2559 Parthenien
1638 2510 1755 2560 memoria
1781 2512 1847 2575 apud

232 2584 256 2631 in
276 2586 329 2631 toto
350 2581 401 2630 tere
417 2579 511 2642 reliquo
525 2579 630 2629 carmine
646 2579 730 2629 Codex
751 2581 891 2630 constanter
913 2577 1015 2628 ionicam
1062 2583 1142 2632 sotum
1152 2582 1264 2644 superesi
1275 2579 1410 2629 Martialem
1419 2580 1477 2638 vii,
1492 2584 1522 2628 titi
1532 2578 1642 2640 <attiuhi
1651 2593 1708 2628 cum
1717 2580 1847 2644 Sapphouc
1947 2584 1948 2614 1

232 2652 364 2702 dialectum
381 2650 499 2700 exhibeat.
520 2671 532 2693 ν
558 2649 626 2699 ‚idda
653 2649 762 2711 eiusdem
788 2649 958 2712 pretationem
985 2648 1015 2698 de
1062 2652 1223 2716 componitur.
1247 2671 1258 2692 ν
1273 2651 1331 2700 tac.
1348 2649 1396 2698 Sed
1415 2649 1449 2699 ibi
1463 2646 1534 2698 codd.
1557 2648 1667 2712 plerique
1683 2650 1846 2710 Penthcnis,

232 2723 367 2786 questione
380 2721 493 2786 ambigua
510 2725 536 2772 et
548 2720 656 2781 diihcili,
674 2735 730 2784 qnae
746 2721 771 2770 iu
784 2720 831 2771 hac
849 2721 953 2771 editione
967 2730 1015 2769 non
1062 2738 1126 2774 uuum
1142 2725 1273 2772 Pentenis
1284 2722 1380 2786 legitur.
1394 2725 1459 2772 -33
1468 2721 1669 2784 sincerissimam
1679 2728 1775 2784 μουσῶν
1785 2723 1845 2774 Col.

232 2796 313 2856 potest
325 2793 432 2847 tractari.
443 2819 473 2829 -
482 2797 505 2842 3,
520 2814 531 2836 ν
545 2795 638 2842 Διοκλεῖ
650 2795 813 2856 μναμοσννον,
826 2793 889 2842 conl.
905 2794 964 2850 xii,
975 2804 1013 2852 ep.
1062 2827 1092 2840 -
1107 2801 1137 2846 dd
1156 2795 1291 2857 νεκταρέοος
1306 2793 1326 2842 δ’
1340 2795 1431 2853 ἐλέγους
1451 2794 1480 2841 G.
1496 2794 1663 2852 lierntannns;
1677 2793 1797 2858 νέκταρος,
1817 2798 1848 2850 si:

233 2867 287 2922 157,
303 2870 326 2913 5.
344 2882 355 2905 ι
371 2865 444 2912 11.-
462 2871 476 2913 5
491 2866 582 2926 Μνροῡς
599 2862 704 2912 Βοιιιιολ.
719 2889 750 2898 -
767 2867 868 2926 tropen
889 2859 1014 2920 lietaldum
1061 2868 1082 2916 a·
1095 2868 1185 2928 έλέγονς
1198 2864 1289 2915 Codex.
1304 2865 1419 2928 Etlyrica
1432 2863 1572 2914 conuiuaei
1586 2857 1848 2928 elegias'hnacreoutis

232 2939 308 2997 χορῶν
320 2931 391 2992 cod,
405 2932 472 2995 qued
481 2933 586 2982 Graius
595 2937 688 2984 tuetur.
700 2932 803 2982 [inthius
813 2939 889 2997 χορῶν
901 2935 1016 2982 Metenn-
1062 2949 1088 2984 ss
1101 2934 1220 2997 recepisse
1239 2932 1309 2984 dicit.
1331 2954 1342 2976 ν
1360 2933 1486 2983 Fabricius
1499 2936 1524 2983 et
1539 2933 1660 2984 blartinns
1676 2933 1791 2998 λνθέμιον
1806 2936 1848 2985 ha·

232 3005 313 3064 πίθον,
325 3004 408 3065 ἐγκύου
425 3006 511 3065 ὓμνων.
525 3003 698 3068 Melanippides
708 3004 789 3054 clarus
805 3003 1014 3067 dithyramhorum
1062 3004 1169 3054 buerunt
1195 3017 1239 3067 pro
1259 3003 1356 3052 nominc
1381 3007 1514 3067 pecteret
1530 3003 1566 3054 sic
1582 3003 1678 3054 censuit
1702 3004 1848 3056 scholiastes

232 3072 795 3138 poetaruemoraturaieuophoutecomment.
807 3079 817 3124 1
827 3112 833 3132 ,
844 3079 900 3134 1,3,
913 3075 938 3123 et
951 3074 1014 3123 aliis.
1062 3077 1123 3125 intra
1146 3073 1311 3138 apponendus.
1328 3075 1403 3124 Aliter
1424 3075 1577 3139 intelligunt,
1591 3075 1705 3126 videlicet
1719 3075 1750 3126 dc
1771 3077 1846 3136 ssore,

233 3172 264 3184 -
279 3151 308 3195 to
323 3145 398 3202 δέλτος
413 3144 484 3206 ced,
499 3159 560 3195 corr.
581 3145 660 3195 Reisk.
682 3151 765 3195 -11,
784 3166 795 3187 ν
823 3145 951 3207 impubi-peu
967 3147 1015 3204 tex
1062 3146 1176 3207 Jacobs,
1198 3147 1282 3207 Greci,
1317 3145 1437 3208 Moschi,
1456 3147 1500 3209 qui
1519 3147 1593 3197 etiam
1619 3149 1713 3198 conteri
1735 3149 1847 3213 agathias

234 3217 333 3267 tiorihus
352 3217 497 3276 coronariis)
516 3230 604 3266 nomen
622 3217 729 3266 illustrat
748 3215 859 3266 netslius
874 3214 906 3264 ad
920 3215 1008 3264 Cerim.
1062 3221 1166 3267 Promm.
1176 3231 1200 3266 r.
1216 3223 1246 3267 oo
1265 3239 1271 3266 :
1286 3219 1325 3266 καὶ
1336 3219 1405 3266 ciem
1419 3219 1538 3279 έξέὶέγοιο
1549 3220 1692 3284 πολνοπιρὲς
1707 3221 1776 3277 ἄνθος
1788 3221 1848 3284 ἀγεί-

232 3305 256 3352 p.
271 3295 326 3350 133,
340 3290 365 3338 ct
378 3288 472 3338 conteri
486 3287 560 3352 epigr.
577 3293 638 3351 app.
657 3293 708 3338 iic.
727 3308 738 3331 ν
753 3290 784 3337 B.
800 3289 853 3343 Τοῖς
863 3287 883 3335 δ’
893 3287 942 3350 ἅμα
958 3289 1017 3335 Hec-
1062 3304 1110 3349 ρας.
1125 3286 1238 3349 speciose
1259 3285 1374 3349 quidem;
1398 3300 1478 3350 eoque
1498 3301 1573 3338 versu
1593 3289 1666 3340 simul
1687 3289 1848 3342 confirmatur

233 3363 315 3418 herus,
330 3360 428 3409 trustra.
444 3388 473 3400 -
493 3365 528 3409 12.
545 3381 555 3402 u
571 3360 756 3424 Παρθινόχρωτοι
774 3359 859 3421 κρόκον
874 3359 968 3421 accipio
985 3358 1016 3408 de
1063 3357 1203 3419 coniectura
1222 3356 1344 3408 editorum
1365 3361 1478 3422 εὐσπορον
1493 3373 1537 3423 pro
1555 3360 1646 3425 scripto
1662 3362 1775 3426 δσπορον.
1798 3366 1847 3426 Ego

232 3430 327 3480 tenellis
348 3429 412 3478 croci
428 3429 487 3490 tilis,
505 3430 539 3479 ita
552 3432 635 3479 tamen
653 3433 681 3479 ut
695 3429 727 3478 ad
745 3429 841 3477 Ennium
854 3428 1016 3491 virginitatem
1063 3431 1124 3492 pute
1137 3429 1168 3479 de
1185 3428 1245 3478 llere
1267 3428 1314 3479 diei
1328 3443 1400 3492 posse
1415 3431 1520 3494 ἄσπορον
1538 3445 1582 3494 pro
1598 3429 1694 3490 nativo,
1708 3438 1768 3482 uon'
1779 3436 1847 3486 satri,

233 3499 385 3562 respiciatur.
405 3525 436 3535 -
453 3505 488 3549 13.
510 3499 672 3562 Hyacinthum
692 3500 818 3559 iiiuipm,
834 3497 924 3560 quippe
939 3499 1016 3548 literis
1064 3513 1112 3548 non
1125 3502 1178 3548 arte
1191 3498 1259 3548 culto
1272 3502 1296 3548 et
1311 3499 1425 3550 educato.
1439 3501 1511 3558 Quod
1525 3501 1650 3566 epitheton
1663 3505 1719 3566 apte
1734 3505 1848 3553 convenit

233 3572 257 3616 ai
271 3571 294 3616 ιι1
312 3568 469 3631 inscriptum,
480 3568 541 3617 cdxii
556 3572 681 3631 preeunte
695 3567 798 3617 Moscho
814 3570 847 3628 11,
863 3577 878 3618 ο
894 3573 964 3624 zuei,
977 3571 1017 3618 θέι-
1064 3569 1165 3631 indepte
1180 3567 1246 3628 tlori,
1264 3567 1385 3631 siquidem
1405 3571 1532 3633 rrtpcltom
1548 3585 1602 3622 esse
1624 3575 1724 3636 putant,
1739 3573 1847 3637 plantam

233 3643 309 3696 κινθε,
323 3640 387 3686 λαλεῖ
400 3639 430 3685 τὰ
451 3639 483 3686 σὰ
499 3639 631 3700 γράμματα.
645 3664 678 3674 -
693 3643 728 3688 ti.
745 3641 847 3700 Σαμίου,
862 3637 919 3687 aiibi
937 3640 1016 3700 Σάμον
1062 3640 1210 3702 elegantem,
1225 3651 1282 3700 qum
1298 3642 1399 3702 spone,
1415 3653 1460 3691 nec
1476 3645 1618 3705 exspectata
1632 3643 1743 3707 agricolai
1755 3657 1847 3703 manu,

235 3707 332 3770 scripti,
347 3705 397 3754 duo
416 3705 589 3768 epigrammata
607 3711 740 3770 supersunt
767 3708 791 3756 in
814 3706 956 3772 anthologia
973 3711 1017 3758 se-
1062 3723 1106 3772 per
1118 3712 1212 3772 segetes
1225 3709 1392 3760 luxuriatum
1409 3713 1438 3760 Β.
1452 3713 1578 3776 ingeniose
1591 3714 1716 3764 liechems
1725 3717 1756 3771 εἰς
1769 3716 1792 3764 δ’
1804 3717 1849 3764 ἐλέ-

234 3777 321 3841 phale.
338 3777 428 3836 Δέρνης
438 3779 516 3824 κλῶνα
528 3780 703 3840 μιθαμπέταλον
715 3779 789 3829 hahet
805 3781 876 3830 etiam
890 3779 1017 3844 Philippus
1061 3797 1116 3841 γους
1135 3781 1261 3842 ἀστέρος
1281 3782 1403 3844 ἀνθέμων,
1431 3781 1463 3832 de
1487 3783 1559 3844 liure,
1578 3785 1633 3834 coll.
1658 3784 1779 3836 h'icandrn
1808 3799 1846 3848 ap.

235 3852 275 3908 ix,
290 3863 329 3911 ep.
343 3850 398 3907 ³07,
408 3853 432 3896 2.
442 3877 471 3888 -
484 3853 520 3897 15.
538 3849 660 3911 ὀξύτορος
673 3851 740 3906 πίτνς
751 3855 854 3899 roratur
867 3850 898 3898 oh
913 3852 1015 3901 termam
1062 3850 1149 3899 athen.
1165 3853 1215 3910 xv,
1231 3865 1254 3914 p.
1269 3855 1324 3912 aet,
1343 3854 1372 3912 C,
1387 3851 1431 3901 scd
1444 3856 1476 3910 εἰς
1497 3855 1588 3918 έλέγονς
1603 3869 1653 3904 nen
1666 3855 1801 3920 explicans.
1817 3883 1847 3894 -

234 3919 326 3969 arboris
345 3919 517 3968 acumhiatam.
540 3921 695 3968 Hennaunus
716 3920 747 3970 de
761 3919 824 3969 toliis
843 3922 922 3972 acutis
943 3923 1016 3986 pinus
1062 3925 1091 3970 37
1105 3922 1132 3970 έκ
1143 3923 1168 3970 δὲ
1185 3921 1245 3971 Cod.
1257 3923 1334 3979 Ιλνθος
1348 3923 1461 3984 ἀκάνθης,
1474 3923 1505 3974 de
1519 3924 1620 3974 carduo.
1635 3928 1697 3975 Ante
1712 3927 1780 3981 ἄνθος
1801 3927 1849 3974 rir-

233 3988 389 4054 intelligebat.
402 4017 431 4025 -
443 3988 631 4047 tibicinium
643 3990 740 4054 platano
751 3991 853 4055 potetis
866 3996 948 4043 ronne
960 3993 1012 4058 dis·
1062 3992 1118 4055 gula
1131 3991 1259 4055 distinguit
1266 3993 1372 4044 Gratius
1384 4015 1390 4043 ι
1402 4013 1413 4036 s
1424 3995 1504 4058 placet
1517 3987 1634 4059 praemitti
1642 3995 1711 4058 illud,
1726 3997 1753 4044 ἐκ
1762 3999 1848 4058 poetic

234 4061 295 4124 siren
311 4061 485 4125 accipio,que
502 4060 558 4110 alibi
572 4059 662 4110 dicitur
678 4063 816 4125 ἀμφιλαφής.
833 4062 924 4112 Eodem
941 4078 1015 4114 sensu
1062 4063 1237 4126 σκολιὸτριχος,
1251 4063 1285 4112 de
1297 4062 1380 4115 herbe
1395 4063 1508 4130 hirsuto,
1522 4079 1600 4129 quum
1613 4067 1704 4116 mirum
1716 4066 1796 4118 rideri
1809 4068 1849 4117 de

233 4131 345 4181 strenuas
354 4129 413 4180 dicii
428 4133 523 4192 βλοισὸς
546 4131 676 4194 ’λχαρνέτης
686 4133 775 4188 κισσός.
789 4153 800 4176 ι
814 4135 871 4182 tec.
889 4132 936 4182 Sed
951 4137 1015 4184 recte
1062 4132 1118 4182 beat
1131 4131 1232 4182 herbam
1244 4133 1364 4198 hispidam
1374 4138 1400 4185 et
1414 4135 1533 4186 hirsutam
1548 4137 1612 4190 inter
1625 4139 1696 4188 tiores
1708 4141 1849 4188 coronarias

233 4203 347 4252 obsecrat
361 4201 471 4261 Geelius,
487 4201 612 4264 platanum
631 4216 678 4251 uon
692 4201 798 4265 habere,
820 4204 885 4254 sicut
905 4204 978 4254 ritem
991 4207 1016 4253 et
1064 4205 1257 4255 commemorari.
1281 4208 1390 4270 sumpsit
1408 4207 1440 4257 de
1457 4209 1523 4258 numi
1537 4209 1636 4273 spinosa
1652 4211 1789 4260 danninum
1807 4217 1849 4260 ‚tr-

233 4273 365 4333 hedcram,
388 4273 463 4322 llexos
489 4287 570 4323 rarum
594 4286 625 4323 ac
654 4275 756 4324 tortiles.
784 4277 865 4332 Quare
891 4276 1015 4326 Mecierus
1063 4273 1166 4324 chilochi
1183 4275 1245 4325 stira
1261 4290 1338 4326 uuum
1354 4281 1428 4341 atquc
1441 4279 1563 4342 alierum,
1578 4284 1703 4345 enipeum
1718 4281 1802 4345 pleno
1816 4283 1850 4332 ric

232 4359 258 4407 p.
271 4349 327 4402 103,
343 4345 551 4406 β).οιισῆς...οῖνης,
577 4364 589 4387 s
605 4345 731 4408 platanum
751 4347 868 4410 Pamphili
882 4346 958 4397 demit
972 4347 1016 4396 riti
1061 4347 1133 4394 tueri
1152 4359 1237 4410 eque,
1262 4350 1291 4398 ut
1310 4345 1368 4399 dicit
1386 4349 1458 4399 0n'd.
1484 4371 1495 4394 ιι
1513 4351 1560 4401 Sed
1576 4352 1639 4402 hanc
1660 4352 1797 4403 clausulam
1818 4355 1849 4404 ad

234 4415 256 4465 ci
269 4412 431 4470 incumbenti;
448 4433 459 4456 ν
475 4413 531 4462 ο111ιί
547 4417 609 4477 (1,μ.
625 4417 664 4475 ee)
684 4418 781 4478 βλαισήν
792 4421 922 4481 ςε,..οῖνῃς,
937 4439 948 4460 ν
963 4433 1015 4482 pas·
1062 4417 1247 4480 Bacchylidem,
1267 4425 1443 4471 anacreontem
1458 4425 1482 4471 et
1497 4421 1671 4473 Archilochum
1686 4423 1757 4474 simul
1777 4427 1850 4488 perti·

235 4483 303 4542 sive„
315 4485 344 4530 ut
356 4482 469 4545 platanus
482 4481 580 4532 dicatur
593 4483 707 4535 manihus
722 4486 752 4543 ti)
768 4487 889 4537 tortilibus
903 4489 960 4538 ritis
976 4487 1016 4537 ad·
1062 4501 1120 4538 nere
1136 4492 1209 4551 putm
1220 4490 1343 4552 quomodo
1360 4491 1490 4542 Jacobsius
1503 4506 1602 4557 quoque
1620 4493 1724 4544 sensisse
1739 4493 1848 4550 ridetur,

236 4553 321 4603 stricta
343 4565 405 4600 esse.
431 4573 441 4594 ν
462 4552 522 4602 cod.
547 4555 617 4610 σἰνκς.
644 4555 850 4618 meliusnam,
879 4561 1014 4618 cnrnrinis,
1063 4578 1074 4600 ν
1089 4560 1166 4623 magis
1179 4561 1211 4610 ad
1224 4574 1300 4624 genus
1316 4575 1391 4624 quam
1406 4562 1438 4612 ad
1451 4577 1581 4614 numerum
1596 4564 1731 4614 carminum
1747 4566 1850 4616 selecto-

234 4622 302 4686 quod
322 4623 466 4702 receperunt
486 4622 559 4672 Both.
581 4626 606 4672 et
622 4625 710 4685 tinisa,
725 4626 768 4687 qni
784 4625 853 4676 addit
875 4648 881 4676 ι
897 4648 908 4669 ν
926 4631 1015 4680 Forsan
1062 4643 1117 4681 rum
1130 4645 1145 4680 a
1158 4630 1278 4694 Meleagro
1292 4632 1380 4696 respici
1391 4653 1402 4676 ν
1421 4647 1531 4684 monens.
1543 4660 1574 4670 —
1588 4636 1615 4685 ἐκ
1628 4636 1712 4698 φορθῆς
1724 4635 1745 4684 si
1758 4649 1849 4686 sanum

233 4692 362 4755 etiamlegi
374 4693 464 4754 potent
478 4694 547 4754 ᾠδῆς.
566 4714 577 4737 ν
591 4695 803 4758 Βείολίινοθγροῑς,
813 4700 863 4748 iac.
876 4701 1016 4755 οῠλονςοον·
1061 4705 1112 4761 est,
1134 4703 1280 4766 rapiendum
1302 4707 1331 4753 ut
1352 4717 1426 4769 supra
1442 4707 1469 4754 ἐκ
1482 4707 1593 4766 λειμῶνος
1608 4721 1632 4756 ν.
1647 4711 1686 4758 31,
1710 4708 1849 4757 Βιιιοολίυο

232 4765 362 4827 jiciebaui,
371 4776 428 4812 cum
441 4765 554 4825 sequenti
568 4767 641 4828 έρνεοι
655 4767 809 4817 struendum.
820 4799 850 4809 -
865 4775 893 4820 tti
908 4774 1015 4836 Παγκρα·
1061 4773 1182 4823 scribebat
1192 4775 1217 4822 ἐκ
1231 4775 1354 4838 poesie..
1364 4778 1478 4835 ἀκάνθης,
1493 4780 1523 4827 nt
1535 4780 1573 4828 est
1588 4780 1629 4840 111,
1642 4791 1681 4842 ep.
1694 4783 1746 4840 185,
1760 4777 1793 4828 de
1806 4783 1850 4827 ar·

234 4839 291 4891 ιέως
306 4848 388 4898 apogr.
409 4837 464 4884 Par.
481 4865 507 4876 -
529 4841 557 4885 19
571 4838 679 4899 χροερὸν,
697 4844 726 4886 20
742 4839 888 4902 ἀμμοιρθρον
904 4841 964 4891 cod.
983 4869 1015 4880 -
1062 4843 1173 4893 chilocho
1184 4845 1324 4907 pressistis
1336 4848 1479 4906 incessite.
1491 4848 1582 4900 Probat
1595 4850 1719 4901 flecteres
1730 4853 1755 4911 1,
1770 4865 1795 4914 p.
1806 4855 1847 4909 eii,

234 4914 260 4956 it
273 4906 308 4955 sic
322 4905 392 4966 cod,
407 4907 435 4954 ut
449 4917 474 4954 r.
486 4911 514 4955 15
534 4908 558 4954 et
573 4905 643 4962 alibir
659 4906 786 4957 seducatis
802 4911 944 4972 Δαμαγήτου
957 4926 1015 4962 cum
1061 4926 1135 4975 quem
1154 4912 1225 4962 video
1240 4914 1271 4964 de
1291 4929 1365 4967 rcrsu
1387 4921 1417 4968 38
1434 4931 1537 4981 prorsus
1561 4920 1632 4970 ahter
1645 4921 1735 4971 sentire
1755 4943 1761 4968 ι
1778 4941 1789 4962 n
1811 4923 1847 4968 Er

235 4977 337 5027 Reisiio.
352 5002 381 5012 -
398 4984 435 5026 29..
455 4979 567 5038 Στυρελὸν
587 4979 634 5028 mel
649 4979 792 5028 Callimachi
813 4979 860 5030 dici
873 4985 962 5044 perne
983 4984 1015 5033 oh
1061 4983 1158 5046 λιέψκνα
1171 4997 1195 5032 r.
1209 4989 1238 5033 33
1255 4988 1279 5034 et
1292 4983 1365 5036 versu
1380 4992 1410 5038 33
1424 4987 1502 5051 liquet
1513 4989 1564 5051 y'arn
1578 4989 1693 5054 Meleagri
1710 4991 1784 5040 atate
1802 5003 1848 5039 nn·

234 5045 512 5106 iaruies,crc1iamhos
535 5050 560 5097 ei
581 5046 689 5106 thalem,
705 5049 816 5099 Reislius
837 5051 956 5102 ret’erebai
983 5053 1015 5102 ad
1061 5063 1129 5100 mero
1147 5053 1306 5115 paucissimas
1319 5057 1500 5120 inscriptiones
1521 5071 1552 5109 ex
1567 5060 1696 5123 permultis
1708 5073 1771 5123 quas
1788 5061 1849 5110 Bac-

233 5135 248 5159 «
264 5116 357 5178 copiam
378 5130 468 5166 vocum
489 5117 609 5166 rariorum
631 5121 656 5167 et
680 5118 878 5170 enunciationem
903 5119 1015 5172 ohscura-
1061 5122 1169 5187 chylides
1197 5128 1222 5174 et
1244 5125 1403 5178 archilochus
1428 5130 1591 5194 scripsemnt,
1619 5135 1729 5182 serratas
1759 5133 1845 5182 luisse.

234 5201 289 5235 rum
303 5185 448 5250 crebrasque
467 5187 598 5238 allusiones
611 5189 642 5238 ad
655 5190 749 5252 ignotas
764 5194 887 5242 uetustate
904 5193 1012 5256 tabulas,
1061 5194 1126 5244 Dicit
1140 5195 1205 5244 enim
1223 5208 1249 5245 se
1263 5211 1293 5245 es
1313 5197 1467 5262 spinosorum
1488 5201 1625 5252 carminum
1643 5201 1781 5252 Archilochi
1794 5215 1850 5251 cer-

234 5258 265 5307 uh
284 5270 341 5321 quim
354 5256 449 5307 dudum
470 5259 593 5320 estquod
612 5259 777 5310 Callimachus
799 5263 1014 5324 grarnruaticerum
1062 5279 1120 5328 pore
1140 5265 1254 5328 selegisse
1271 5267 1342 5318 tiores
1365 5269 1564 5333 inscriptionum,
1579 5285 1664 5322 earnm
1681 5286 1738 5323 rere
1753 5273 1847 5338 turgenti

236 5343 296 5378 «run
310 5327 390 5389 uudit;
403 5348 414 5370 ν
429 5327 498 5378 obiiti
514 5329 676 5392 precedentis
690 5331 741 5389 ἡδύ.
757 5334 830 5382 Recte
844 5334 968 5384 Mecherns
982 5336 1013 5398 (i,
1062 5350 1163 5386 numero
1176 5337 1207 5386 ab
1220 5338 1272 5402 ipso
1286 5342 1358 5402 poeta
1376 5341 1512 5405 aequalibus
1525 5343 1671 5408 scriptarum
1684 5345 1846 5408 paucissimas

1023 5429 1062 5486 iit
