3946 5952
677 359 777 419 aisn
800 359 1117 420 nordmannicis
1139 359 1226 421 rai.
1684 360 1734 439 υυ

164 490 343 580 Jacobsii,
359 491 461 583 cujus
476 491 612 587 primus
634 506 758 561 tomus.
773 493 897 589 Lipsiae
917 496 1006 588 1794
1026 507 1079 564 est
1100 493 1302 589 impressus
1319 497 1461 588 Loquar
1475 495 1594 588 itaque
1618 494 1736 588 primo

164 616 211 685 de
227 628 384 711 quatuor
404 611 499 683 foliis
521 612 689 711 praefixis,
705 638 778 685 non
803 617 1008 685 numeratis
1026 620 1065 686 ln
1088 641 1243 712 quornm
1268 619 1400 715 prim0‚
1427 632 1531 702 recto,
1556 617 1737 687 invenitur

165 737 287 809 tabula
314 737 424 808 totius
458 736 600 808 Codicis
628 753 836 833 argumenta
863 739 1072 827 continens,
1101 741 1275 838 scriptura
1302 765 1380 812 saec.
1402 742 1544 812 circiter
1570 740 1733 811 decimi:

165 886 276 960 quam
291 859 450 932 tabulam
470 860 544 932 huc
570 861 784 950 adscribam,
803 862 902 960 quod
925 887 945 932 a
970 863 1138 934 Brunckii
1153 865 1363 961 apographo
1391 867 1428 935 in
1455 865 1631 936 Analectis
1654 865 1737 962 (Ατ-

166 989 342 1084 gentorati
362 984 465 1084 1776.
487 985 537 1082 8),
555 1002 642 1058 tom.
661 991 690 1078 Ι,
706 987 840 1084 praefat.
857 1011 939 1084 pag.
958 991 1004 1056 IX
1020 1011 1110 1081 seq,
1122 987 1159 1057 in
1178 988 1357 1085 plerisque
1372 987 1494 1059 dissert
1517 1017 1523 1058 :
1547 1004 1598 1061 est
1616 1004 1735 1061 alitem

167 1113 204 1182 in
224 1111 350 1183 codice
362 1111 599 1206 hujusmodi:

290 1231 372 1304 Τάδε
386 1239 500 1304 ἔνεστιν
516 1241 545 1304 ἐν
560 1230 637 1332 τῇδε
650 1249 689 1334 τῇ
707 1237 757 1330 (ι)
776 1234 872 1325 βίίλῳ
889 1247 949 1305 τῶν
967 1239 1218 1332 ἐπιγραμμάτων·

218 1374 258 1429 A.
286 1361 397 1428 Νόννου
414 1335 540 1436 ποιητοῦ
554 1362 757 1430 Πανοπολίτον
774 1365 915 1455 ἔκρρασις
933 1374 984 1429 τοῦ
1000 1359 1079 1429 κατὰ
1095 1357 1223 1436 Ιωοίννην
1238 1365 1324 1455 ἁγίου
1339 1363 1523 1456 εὐαγγελίου,

218 1499 252 1554 Β.
283 1488 402 1554 Παύλου
424 1496 570 1572 ποιητοῦ,
589 1484 793 1577 σιλαντιαρίου
808 1485 873 1578 (α),
887 1487 950 1554 υἱοῦ
973 1489 1087 1580 Κύρου,
1103 1489 1242 1580 ἔκρρασις
1265 1487 1305 1564 είς
1328 1493 1383 1562 τὴν
1408 1490 1542 1582 μεγάλην
1557 1489 1733 1574 ἐκκλησίαν,

169 1608 229 1684 tir!
241 1605 293 1701 (3)
307 1615 362 1684 τὴν
377 1607 465 1702 ἁγίαν
482 1609 601 1700 Συρίαν.

218 1747 251 1804 Γ.
284 1732 436 1827 Συλλογαὶ
465 1731 941 1826 ἐπιγραμμάτωνΧριστιανικῶν
968 1732 1008 1811 είς
1036 1759 1069 1800 τε
1099 1736 1203 1820 ναοὺς,
1219 1735 1277 1806 ,καὶ
1302 1738 1434 1816 εικίνας,
1460 1738 1510 1800 καὶ
1541 1737 1579 1812 είς
1610 1731 1737 1830 διάφορα
1829 1820 1832 1826 1

168 1860 360 1951 ἀναθήματα.

220 2001 254 2056 Δ.
285 1977 493 2078 Χριστοδώρου
507 1991 645 2063 ποιητοῦ,
657 1976 802 2068 Θηίαίου,
813 1982 954 2073 ἕκιρρασις
964 1991 1024 2047 τῶν
1035 1983 1238 2075 ἀγαλμάτιον,
1247 1993 1307 2047 τῶν
1317 1983 1356 2059 εἰς
1364 1984 1398 2050 τὸ
1411 1977 1736 2076 δημόσιονγυμνάσιον,

171 2123 228 2178 τοῦ
244 2111 472 2201 ἐπικαλουμένου
489 2107 667 2190 Ζευξίππου.

222 2251 260 2302 Ε.
289 2234 464 2326 Μελεάγρου
479 2242 622 2316 ποιητοῦ,
638 2227 855 2314 Παλαιστίνου,
871 2231 1013 2319 στέφανος
1028 2223 1175 2322 διαρορων
1191 2229 1442 2322 ἐπιγραμμάτων.

218 2386 249 2434 ς.
282 2358 437 2424 Φιλίππου
451 2366 596 2436 ποιητοῦ,
613 2355 872 2438 Θεσσαλονικέως,
884 2354 1026 2440 στέφανος
1036 2354 1144 2441 ὁμοίως
1159 2343 1307 2442 διαφόρων
1323 2349 1373 2443 (4)
1390 2354 1636 2447 ἐπιγραμμάτων.

219 2497 254 2550 Ζ.
285 2479 419 2576 Ᾰγαθίου
435 2488 654 2572 σχολαστικοῦ,
669 2473 795 2545 Ᾰσιανοῦ
809 2478 980 2570 Μυρηναιου
991 2474 1052 2570 (5),
1066 2482 1197 2572 συλλογὴ
1214 2480 1286 2543 νέων
1298 2479 1551 2572 ἐπιγραμμάτων,
1563 2483 1738 2550 ἐκτιθέντων

169 2613 200 2674 ἐν
216 2607 536 2675 Κωνσταντινυυπόλει
547 2605 618 2698 πρὸς
629 2597 779 2694 Θεόδωρον
796 2603 976 2694 Δεκυυρίωνα
992 2597 1056 2692 (6)Ι
1070 2601 1136 2666 ἔστι
1153 2590 1187 2666 δὲ
1204 2605 1222 2672 ri
1237 2595 1322 2677 τάξις
1338 2609 1396 2667 τῶν
1414 2597 1465 2693 (7)
1480 2602 1736 2696 ἐπιγραμμάτων,

167 2734 259 2828 ἤγουν
273 2726 437 2827 διαίρεσις,
454 2735 557 2808 οὕτως.

219 2856 260 2930 α’.
287 2862 394 2952 πρώτη
410 2856 463 2951 (8)
482 2859 534 2950 μὲν
549 2864 567 2931 η
583 2866 642 2924 τῶν
659 2863 849 2950 Χριστιανῶν
865 2849 926 2945 (9).

222 2982 263 3071 β’.
293 2980 417 3076 δευτέρα
430 2977 465 3049 δὲ
480 2989 498 3056 ἠ
515 2979 554 3048 τὰ
572 2974 784 3073 Χριστοδώρου
800 2980 981 3070 περιέχουσα
997 2968 1086 3064 (ιο),
1104 2981 1156 3038 τοῦ
1171 2965 1315 3044 Θηίαίου.

222 3104 264 3198 γ’.
291 3107 385 3196 τριίτη
403 3099 482 3195 (εἰς)
501 3095 552 3184 δὲ,
572 3102 665 3193 ἀρχὴν
682 3102 734 3190 μὲν
749 3100 859 3188 ἔχοντα
875 3105 930 3174 την
945 3107 1006 3164 τῶν
1022 3099 1169 3187 ἐρωτικῶν
1186 3098 1422 3187 ἐπιγραμματων
1439 3094 1586 3160 ὑπόθεσιν.

224 3224 267 3295 δ’.
295 3235 390 3302 ἡτῶν
408 3227 638 3317 ἀναθεματικῶν
654 3221 685 3315 (ι
699 3221 740 3314 ι).

222 3351 257 3420 ε’.
284 3357 408 3444 πέμπτη
423 3358 442 3425 ἡ
457 3359 518 3418 τῶν
535 3343 729 3440 ίπιτυμίίων.

222 3474 264 3555 ς’.
291 3484 310 3550 ἡ
326 3486 387 3545 τῶν
401 3469 630 3560 ἐπιδεικτικῶν.

222 3596 263 3680 ζ’.
293 3591 408 3690 ἑίδίμη
423 3604 442 3671 ἠ
460 3608 522 3663 τῶν
536 3603 772 3689 προτρεπτικῶν.

221 3721 264 3798 η’.
291 3731 387 3797 ἡτῶν
405 3729 587 3789 σκωπτικῶν
604 3717 689 3813 (ια).

222 3845 261 3916 θ’.
288 3855 307 3916 η
325 3857 388 3914 τῶν
402 3846 574 3940 Στράτωνος
589 3854 643 3910 τοῦ
657 3835 829 3934 Σαρδιανοῦ.

224 3967 258 4041 ι’.
288 3964 437 4065 διαφόρων
456 3972 570 4063 μέτρων
585 3961 712 4060 διάφορα
727 3964 952 4058 ἐπιγράμματα.

225 4094 281 4164 ια’.
309 4093 511 4188 ἀριθμητικὰ,
527 4093 580 4160 καὶ
593 4095 693 4186 γρηιρα
707 4087 782 4184 (13)
798 4091 962 4180 σίμμικτα.

174 4325 307 4397 permulta
323 4324 517 4394 Epigrammata
529 4320 669 4375 Salmasius
682 4325 868 4379 annulaverat,
883 4332 938 4385 quo
1024 4311 1061 4382 (8)
1075 4312 1119 4362 Br.
1134 4312 1160 4362 in
1175 4308 1225 4360 hoc
1239 4317 1265 4358 et
1288 4307 1315 4359 in
1339 4305 1508 4376 sequentibus
1527 4309 1625 4362 omittit
1650 4310 1742 4382 hujus·

175 4407 235 4459 roco
248 4406 277 4457 in
301 4404 342 4457 iila
361 4403 565 4456 invenirentur:
581 4401 638 4472 ipsa
653 4398 705 4452 iere
727 4397 825 4468 ubique
841 4413 937 4448 conve·
986 4391 1058 4444 modi
1071 4387 1200 4444 ordinales
1212 4403 1336 4440 numeros
1348 4386 1428 4440 literis
1440 4387 1560 4458 scriptos.

176 4488 290 4540 nircum
304 4483 415 4540 Aldina.
1021 4471 1059 4541 (9)
1074 4472 1118 4525 Br.
1133 4472 1319 4540 χριατιανικῶν.
1680 4509 1682 4514 .

215 4567 255 4638 (ι)
272 4563 393 4620 Brunck.
409 4562 434 4616 ἔν
447 4564 519 4634 τῇδε.
1024 4555 1079 4618 (ιο)
1095 4553 1138 4603 Br.
1153 4550 1191 4602 sie
1205 4565 1212 4604 :
1226 4546 1249 4620 β’
1263 4546 1289 4601 Bi
1301 4546 1473 4618 Χριστοδώρου
1486 4548 1609 4618 πιριίχιι·
1631 4560 1658 4602 et
1671 4548 1745 4606 addit

215 4651 255 4716 (a)
269 4645 386 4700 Brunck.
400 4645 584 4717 Σιλεντιαρίου,
597 4653 623 4697 et
635 4641 705 4707 υἱοῦ,
721 4637 793 4712 qnod
809 4638 937 4709 sequitur,
989 4623 1094 4694 in'fine,
1109 4648 1134 4686 κ,
1147 4649 1173 4685 τ.
1185 4628 1212 4683 λ.

177 4731 264 4784 deest.
1023 4713 1079 4778 (ιι)
1102 4712 1146 4766 Br.
1160 4707 1431 4780 νοοιεᾶναθημιιτικῶν

215 4811 254 4878 (3)
270 4811 316 4866 Br,
331 4807 389 4865 ete,
1025 4791 1081 4862 (ια)
1102 4789 1170 4845 Cod.
1189 4794 1340 4844 σκοπτιιιῶν.
1362 4790 1408 4843 Br.
1431 4785 1523 4855 addit,
1548 4785 1590 4840 ari
1609 4788 1742 4858 διαφόρων,

214 4893 254 4958 (d)
269 4892 314 4943 Br.
328 4889 424 4960 ὁμοίων
440 4888 482 4940 καὶ
496 4887 630 4959 διαφόρων.
988 4870 1061 4943 quod
1076 4893 1128 4928 non
1143 4873 1220 4926 estin
1235 4869 1303 4924 Cod.

214 4970 257 5040 (5)
271 4972 316 5025 ΒΓ.
332 4969 479 5040 Μυριναίου.
1026 4955 1084 5022 (13)
1099 4959 1152 5020 Sic,
1181 4947 1249 5002 sorte
1264 4967 1314 5022 pro
1326 4950 1413 5022 γρῖφοι
1435 4949 1489 5001 sive
1507 4946 1592 5018 γρίφη.
1608 4945 1651 5000 Br.
1667 4945 1744 5000 habet

213 5054 252 5117 (6)
267 5051 314 5103 Br.
328 5048 403 5102 addit
415 5048 458 5102 τὸν
471 5049 576 5118 Kouni.
991 5034 1112 5104 '‘Wit-

213 5133 256 5202 (7)
269 5132 315 5183 Br.
329 5131 427 5184 omittit
441 5131 501 5183 τῶν.
